2596 4612
486 347 850 414 Pnouuuottulta
1100 370 1182 416 xum

146 539 205 597 se,
228 516 322 582 imum
336 515 437 583 Persii
451 521 551 583 famae
564 519 659 583 noxia
681 520 782 584 lutura
799 518 896 584 fuisse
915 519 1036 584 censuit
1056 517 1177 585 cornu,-

147 632 216 698 tns‚
242 621 294 704 qul
316 640 353 686 ea
372 623 475 686 omnin
497 623 585 686 matri
605 623 702 686 suasit
716 633 749 686 ut
763 623 919 701 aboleret,
943 644 1001 706 qno
1016 622 1048 686 in
1063 622 1176 687 indicio

146 723 208 789 viti
231 724 458 807 prudentissimi
480 735 570 809 atque
593 722 693 789 Persii
708 726 904 791 amantissimi
920 746 977 789 nos
994 746 1110 809 quoque
1125 744 1176 790 re*

114 901 120 912 .
146 823 309 909 quiescere
324 832 356 889 et
368 847 528 911 possumus
544 838 576 892 ct
589 827 744 892 debemus.

235 959 308 1027 Vita
325 959 516 1046 moribusque
531 959 659 1027 Persius
681 963 1008 1048 praestantissimorum
1024 963 1173 1044 virorum,

145 1058 325 1148 quibuscum
346 1062 446 1144 vixit,
470 1064 642 1149 exemplum
661 1068 832 1151 expressit,
857 1068 913 1132 luit
932 1066 1012 1151 frugi
1034 1077 1066 1130 et
1088 1066 1173 1151 pudi-

147 1189 221 1246 eus,
246 1185 421 1249 summoque
437 1186 539 1230 amore
560 1177 704 1243 matrem,
729 1183 886 1248 sororem,
911 1169 1090 1250 amicumque
1109 1188 1174 1230 nm·
1263 1161 1278 1176 “

145 1269 254 1355 plexus
277 1278 345 1346 est,
369 1279 402 1331 ut
424 1268 544 1353 pietatis
567 1270 736 1352 exemplum
759 1270 861 1334 vocari
881 1271 1026 1355 potnerit.
1070 1267 1172 1332 Nobis

145 1390 221 1436 vero
238 1370 268 1433 iu
281 1369 397 1459 indicio
414 1371 451 1434 de
466 1367 566 1434 Persii
579 1371 704 1454 ingenio
720 1371 848 1436 ferendo
866 1391 964 1454 neque
979 1372 1037 1434 boo
1052 1370 1173 1436 videtne

145 1472 379 1555 negligendum,
397 1473 477 1554 quod
493 1494 561 1537 eum
577 1493 644 1537 cnm
660 1473 980 1557 leminis'potissimum
995 1473 1171 1557 quotidiano

144 1574 289 1638 convictu
304 1573 498 1638 coniunctum
516 1558 608 1639 luisse
623 1574 773 1641 videmus.
803 1575 991 1660 Quamquam
1013 1576 1094 1641 euim
1108 1595 1172 1638 non

143 1694 302 1758 pessumus
318 1676 389 1759 quin
404 1696 604 1759 agnoscamus
619 1693 722 1741 curam
740 1688 830 1762 etque
855 1679 1040 1761 diligentiam
1062 1677 1170 1743 soller-

144 1775 309 1854 tissimam,
333 1797 422 1860 qnam
436 1778 497 1842 lilio
519 1779 676 1844 educando
696 1792 787 1864 atquc
809 1781 977 1845 erudiendo
1000 1781 1171 1845 adhibuerit

143 1876 252 1943 Fulvia
274 1877 440 1958 Sisennia,
464 1891 567 1945 tamen
588 1882 661 1946 illud
683 1883 798 1967 ipsum,
823 1881 901 1966 qnod
924 1883 983 1946 iam
1008 1883 1169 1966 aliquoties

142 1980 381 2066 significavimus
415 1993 448 2046 et
475 1984 554 2066 qnod
584 1985 670 2049 nobis
692 2003 767 2049 sane
795 1984 1005 2068 gravissimum
1034 1985 1168 2062 videtur,

140 2083 220 2166 qnod
236 2083 270 2147 in
286 2080 386 2147 Persii
401 2085 503 2149 satiris
519 2086 641 2152 scholae
664 2086 851 2170 potissimum
876 2085 1062 2169 disciplinam
1083 2084 1170 2150 vide·

142 2205 228 2264 mus,
251 2185 350 2269 ipsum
365 2186 447 2250 vitae
462 2186 593 2251 alienum
609 2188 703 2252 luisse
718 2186 1001 2266 animadvertimus,
1022 2185 1114 2251 etiam
1130 2187 1168 2250 ad

141 2287 298 2351 muliebris
313 2288 539 2352 consuetudinis
554 2290 614 2355 vim
630 2293 820 2368 referemus,
843 2308 919 2372 quae
934 2289 1074 2353 iuvenem
1096 2310 1168 2354 ocu·

140 2388 175 2454 lis
189 2388 343 2455 canorem
359 2410 486 2474 eumque
503 2412 607 2476 parum
622 2394 705 2456 firma
724 2392 896 2456 valetudine
916 2401 1071 2470 amntem,
1094 2411 1168 2474 quo·

139 2492 185 2557 ris
201 2493 294 2555 modo
310 2491 464 2556 custodire
480 2504 511 2557 et
525 2494 660 2561 retinere
676 2495 801 2560 studuit.
823 2489 928 2576 ltaque
944 2494 1022 2577 quod
1039 2495 1169 2559 traditur

138 2614 257 2658 morum
272 2594 366 2658 luisse
381 2594 625 2677 leuissimorum,
649 2597 698 2680 qui
720 2607 805 2661 tanto
830 2599 952 2661 fervere
975 2606 1064 2678 atque
1079 2614 1167 2658 acon

138 2694 235 2761 bitnte
248 2697 281 2759 in
297 2696 370 2760 vitiu
386 2696 538 2761 huminum
554 2698 693 2763 invectus
710 2711 774 2778 est,
798 2709 829 2762 et
850 2697 1055 2763 verecundiae
1073 2697 1167 2780 virgi·

137 2799 237 2877 ualis,
261 2799 312 2882 qui
327 2818 389 2861 non
405 2799 560 2864 erubescit
573 2801 606 2863 in
620 2800 724 2864 satiris
740 2800 895 2865 obscoena
916 2800 1020 2864 verbis
1035 2798 1164 2863 fortissi-

136 2901 195 2965 mis
218 2911 373 2979 tractare,
397 2901 511 2965 valebit
532 2903 570 2965 ad
594 2902 736 2966 iudicium
759 2913 897 2966 nostrum
914 2900 1163 2976 confirmandum,

137 3002 258 3068 scilicet
270 3002 302 3065 in
318 3014 445 3088 utraque
459 3025 494 3069 re
509 3005 651 3068 iuvenem
667 3005 749 3068 vitae
772 3014 930 3086 expertem
952 3005 1080 3068 necdum
1103 3024 1166 3067 rnn-

138 3113 291 3183 turatnm,
316 3107 422 3189 partim
444 3107 573 3170 aliorum
596 3105 766 3190 exemplum
788 3113 945 3182 secutum,
969 3105 1052 3167 vires
1073 3105 1166 3168 nimio

135 3205 252 3290 impetu
274 3192 443 3272 intendisse
466 3209 545 3272 ultra
567 3218 694 3271 naturae
715 3207 849 3269 modum.
884 3202 974 3287 Quod
997 3205 1029 3285 in
1045 3206 1096 3270 illa
1112 3206 1166 3269 ob·

135 3309 307 3374 scoenitate
332 3329 420 3392 quam
442 3311 572 3375 maxime
594 3320 739 3394 apparet,
763 3329 838 3392 quae
855 3309 1042 3394 quantopere
1065 3310 1166 3374 aliene

133 3422 185 3475 est
199 3409 238 3475 ab
261 3411 327 3476 eius
349 3432 510 3489 sermone,
534 3415 583 3496 qui
605 3412 777 3492 libidinum,
800 3414 905 3497 quales
932 3413 1067 3476 seculum
1090 3413 1164 3494 illud

133 3514 332 3598 proferebat,
356 3515 435 3579 baud
457 3516 601 3597 ignarus,
627 3536 731 3579 earum
753 3527 807 3579 aut
827 3515 980 3579 illecebris
1002 3535 1111 3599 cupere
1134 3525 1165 3584 et

133 3615 348 3698 permulcere,
386 3628 439 3681 aut
465 3618 526 3681 vim
554 3610 799 3702 indignabundus
829 3617 926 3682 libera
960 3615 1164 3701 descriptione

133 3719 282 3801 frangere
304 3720 424 3798 studet,
447 3720 527 3808 sieut
541 3719 579 3783 ab
594 3740 631 3782 en
645 3718 808 3797 libertate,
831 3738 907 3801 quae
928 3717 960 3780 in
977 3715 1097 3782 Graeca
1113 3740 1164 3781 co·

133 3820 255 3883 moedis
280 3831 333 3884 aut
353 3819 473 3886 Lucilio
497 3822 757 3906 conspiciebatur,
782 3831 814 3884 et
834 3820 900 3885 vitii
919 3820 1059 3884 immunis
1075 3831 1164 3883 natu·

132 3921 212 3985 ralia
227 3943 291 3985 non
308 3943 377 3987 csse
393 3925 490 4008 turpia
507 3925 649 4010 putabat,
674 3924 701 3989 si
719 3943 784 3986 cum
800 3922 865 3986 risu
880 3933 912 3986 et
926 3921 994 3986 icco
1010 3922 1164 4005 agitaren-

132 4033 204 4102 tur,
222 4057 265 4075 -
288 4025 325 4090 ab
346 4024 396 4092 his
417 4025 510 4110 igitur
530 4039 674 4111 qnantum
695 4025 817 4120 diersa
838 4023 881 4089 sit
893 4021 996 4090 Persii
1009 4022 1163 4088 obscoena
