2596 4612
147 374 223 419 ruva
465 351 822 416 PROLEGOMENA.

146 524 301 609 periectos
321 533 411 606 atquc
435 523 543 588 editos.
580 521 682 607 Atque
704 524 741 588 de
760 543 822 587 nno
843 541 941 606 eoque
966 518 1173 587 celeberrimo

146 623 393 709 loco(l,121),
428 647 516 709 quem
543 622 698 689 Cornutus
727 635 862 688 mutasse
891 623 1020 702 dicitur,
1050 625 1174 708 dequo

148 729 258 792 dietum
280 737 327 791 est
347 728 379 791 in
400 729 617 791 commentario
632 727 678 812 (p.
697 723 791 809 113),
815 736 847 789 et
860 726 939 788 inira
955 726 1104 809 quaedam
1119 728 1173 790 ad-

148 829 246 893 denda
262 839 352 908 sunt,
376 830 533 893 nonsatis
557 839 698 906 constat,
721 849 761 890 nn
784 838 846 890 non
867 829 939 892 rivo
955 828 1045 891 etiam
1060 826 1173 893 Persio

147 942 278 996 mutatus
293 931 345 1008 sit,
363 950 431 992 nam
446 929 478 992 in
493 931 556 995 vita
569 931 692 1013 antiqua
707 931 739 993 b.
755 931 777 994 l.
795 940 956 1015 corruptus
972 940 1039 1007 cst,
1056 930 1174 994 scholia

147 1035 223 1098 nibil
244 1032 415 1098 accuratius
438 1033 587 1096 tradunt..
610 1029 780 1097 Praeterea
802 1033 879 1096 dnos
903 1032 990 1096 locos
1014 1032 1173 1096 detexisse

132 1136 204 1200 mibi
232 1135 316 1199 visus
345 1145 392 1198 est
419 1131 587 1198 Passerins
611 1135 655 1218 (p.
678 1133 740 1197 135
756 1134 858 1216 sqq.),
890 1152 1017 1216 cumque
1044 1145 1171 1198 secutus

147 1236 187 1302 G.
205 1235 245 1300 E.
264 1233 422 1301 Weberus
445 1235 621 1318 (Emigrant
642 1258 672 1299 u.
700 1231 985 1320 Stoikerp.158),
1007 1235 1040 1299 in
1062 1236 1172 1319 quium

145 1359 212 1404 eom
230 1348 325 1423 ,poeta
346 1337 393 1401 bis
409 1338 493 1415 ,idem
516 1339 663 1415 dixisset,
686 1336 795 1401 dubins
815 1348 915 1401 utrum
939 1324 1101 1416 reliceret,
1132 1358 1172 1403 an

143 1440 311 1517 retineret,
335 1440 395 1503 iam
410 1451 569 1522 utrumque
583 1439 731 1522 legamus.
754 1439 847 1504 Alter
860 1438 971 1523 legitur
984 1435 1012 1520 l,
1029 1437 1171 1524 dlisrpqm

271 1558 447 1622 Assensere
462 1558 539 1621 viri:
564 1578 646 1622 nunc
662 1578 723 1621 non
740 1559 815 1621 cinis
830 1558 881 1622 ille
897 1569 1005 1642 poetae

271 1657 385 1721 Fettxt
406 1679 468 1721 non
483 1659 584 1723 levior
598 1658 700 1744 cippus
715 1681 795 1724 nune
810 1661 952 1743 imprimit
969 1662 1062 1725 ossei
1104 1695 1110 1705 ·

269 1757 412 1824 Laudant
427 1762 594 1826 convivae:
619 1782 699 1826 nuno
715 1783 776 1825 non
798 1762 969 1828 emanibns
983 1763 1057 1843 illis,

269 1861 363 1928 Nunc
378 1885 440 1926 non
456 1883 473 1926 e
489 1864 603 1927 tumulo
625 1865 838 1947 fortunataque
852 1865 956 1930 favilla

270 1965 450 2031 Nascentur
464 1966 586 2031 violae?

141 2083 187 2152 lbi
202 2097 291 2174 poeta
307 2085 434 2165 dubius,
458 2096 558 2149 utrum
578 2085 647 2149 illa:
671 2103 755 2148 nune
768 2122 812 2130 —
826 2087 992 2161 convivae,
1015 2103 1054 2148 an
1071 2085 1169 2152 bacca

140 2203 223 2255 none
237 2227 280 2238 -—
294 2189 396 2253 oiolae
417 2198 564 2273 poneret,
593 2187 716 2251 interim
736 2199 895 2270 utrumqne
917 2188 950 2251 in
972 2187 1097 2253 chartas
1117 2208 1169 2252 re-

140 2293 247 2357 tulisse
263 2292 391 2368 dieitur,
411 2299 446 2353 nt
460 2290 596 2353 editurus
612 2289 683 2352 olim
698 2288 860 2354 lectionem
876 2290 1012 2353 baberet}
1046 2285 1169 2354 Verum

140 2394 218 2472 boc,
242 2391 377 2475 quamvis
394 2391 490 2475 primo
505 2391 651 2474 adspectu
673 2389 852 2471 blandiens,
876 2413 938 2455 non
963 2390 1076 2476 poterit
1096 2411 1169 2474 pro-

139 2493 217 2558 bari.
247 2490 330 2557 Nam
352 2492 378 2556 si
401 2493 492 2570 illud,
524 2491 602 2574 quod
627 2493 761 2555 seeundo
784 2494 853 2558 loco
874 2494 1004 2577 legitur,
1033 2493 1168 2558 deletum

140 2597 328 2681 cogitamus,
351 2614 476 2678 prorsus
492 2593 681 2657 intolerabile
697 2605 780 2659 esset
794 2595 906 2659 nudum
928 2595 1005 2659 hoc:
1033 2593 1169 2660 laudant

140 2699 298 2762 conoioce.
347 2692 546 2760 Concinnitas
580 2696 731 2760 sermonis
762 2697 938 2761 necessario
967 2698 1066 2781 poscit
1097 2719 1167 2762 eum

138 2801 185 2864 bis
208 2819 326 2883 quoque
353 2821 426 2878 vv„
449 2809 482 2860 ut
505 2820 572 2861 cum
594 2798 691 2861 altero
711 2798 764 2862 illo
785 2795 947 2863 assensere
967 2800 1049 2876 oiri,
1079 2799 1168 2884 iungi

138 2896 302 2984 quaedam,
332 2920 408 2984 qnae
435 2899 688 2963 antecedentibus
716 2901 934 2985 respondeant.
970 2899 1061 2965 Ferri
1087 2920 1167 2968 sane

137 3014 259 3089 posset,
276 3022 312 3065 ea
323 3003 408 3080 tolli,
425 3002 784 3087 quaeprimolocoposita
801 3014 890 3082 sunt,
906 3023 1013 3069 rerum
1031 3005 1057 3067 si
1071 3005 1167 3069 modo

136 3116 223 3173 recte
239 3104 409 3190 disputavi,
433 3116 560 3188 apparet
576 3125 638 3168 non
653 3105 778 3188 amplius
795 3125 864 3170 csse
881 3107 1082 3186 electionem,
1106 3107 1168 3172 sed

136 3208 213 3271 baec
226 3207 253 3269 si
269 3205 334 3288 quis
350 3207 479 3268 delenda
495 3217 639 3282 censeat,
663 3228 681 3269 a
697 3206 793 3269 sciolo
809 3209 936 3290 quodam
952 3219 1075 3286 assuta,
1100 3221 1169 3272 non

135 3304 287 3373 aPersio
311 3307 469 3390 prolecta,
495 3306 523 3368 ei
545 3306 755 3370 sustinendum
778 3309 849 3372 erit.
880 3308 991 3394 Neque
1012 3330 1090 3384 vero
1105 3309 1167 3379 boc

135 3407 263 3472 concedi
285 3417 405 3492 potest,
434 3426 502 3469 nam
524 3407 555 3469 id
577 3407 672 3490 ipsum
696 3411 819 3492 egregie
841 3412 953 3477 lactum
983 3422 1049 3491 est,
1080 3413 1167 3495 quod

135 3509 213 3577 baec
228 3508 286 3573 sibi
301 3508 457 3591 opposuit:
482 3529 644 3573 assensere
657 3511 735 3585 ozia',
754 3513 831 3594 quod
848 3513 962 3598 epicam
979 3513 1167 3601 gramtatem

135 3611 251 3695 spirat,
276 3621 307 3674 et
321 3610 450 3673 alterum
467 3613 545 3692 quod
560 3613 656 3696 magis
673 3634 830 3678 commune
847 3625 913 3679 est:
939 3615 1072 3678 laudent
1087 3637 1166 3680 corr·

133 3714 241 3787 viceor
266 3723 297 3777 et
319 3722 400 3775 totus
423 3712 507 3777 locus
529 3715 661 3799 ingenua
677 3715 829 3780 hilaritate
846 3727 877 3780 et
892 3717 955 3780 risu
970 3738 1034 3781 non
1048 3718 1165 3782 acerbo

134 3814 270 3879 excellit.
297 3803 431 3878 Omnino
447 3816 684 3900 salsaquaedam
701 3819 738 3881 de
751 3814 854 3882 Persii
868 3817 1019 3884 brevitate
1034 3830 1165 3884 senten·

132 3917 175 3985 tia
191 3915 248 3980 boc
263 3914 405 3979 iudicium
427 3918 592 3998 excitavit,
617 3940 694 4005 qnae
716 3919 752 3984 de
775 3921 840 3984 aliis
864 3943 981 4005 quoquc
1001 3922 1164 4007 scriptori-

131 4017 209 4100 bus,
232 4018 283 4104 qni
297 4018 405 4089 eadem
419 4021 498 4085 lama
513 4023 675 4103 fruuntur,
699 4023 778 4088 icrri
788 4023 889 4105 solet,
911 4024 997 4108 quasi
1012 4045 1162 4108 nusquam
