2596 4612
224 1287 260 1354 In
291 1292 355 1356 vita
382 1289 483 1358 Persii
514 1292 687 1359 enarranda
717 1291 859 1378 optimam
882 1293 989 1360 ducem
1007 1298 1164 1383 sequimur

152 1391 231 1457 vitam
252 1415 271 1458 a
295 1395 471 1460 doctissimo
496 1396 692 1481 grammatico
721 1395 884 1478 scriptam,
921 1418 997 1480 quae
1026 1402 1162 1483 quamvis

149 1514 197 1559 neo
216 1497 341 1582 integra
369 1520 427 1562 nec
453 1499 630 1581 incorrupta
658 1496 696 1560 ad
718 1518 774 1561 uos
797 1499 956 1581 pervenit,
988 1523 1046 1585 qua
1068 1503 1105 1566 de
1127 1523 1163 1566 re

140 1597 216 1662 infra
239 1598 398 1663 dicendum
422 1602 500 1680 erit,
531 1611 634 1663 tamen
657 1621 694 1665 ea
716 1600 803 1663 nobis
825 1600 967 1680 tradidit,
997 1623 1073 1686 quae
1101 1625 1163 1669 uon

139 1702 195 1765 uisi
216 1702 255 1766 ab
278 1724 315 1767 eo
340 1691 419 1766 tradi
441 1713 626 1786 potuerunt,
649 1702 699 1786 qui
723 1713 832 1787 poetae
856 1703 955 1767 nostri
977 1707 1164 1790 temporibus

135 1803 294 1889 proximus
310 1816 389 1884 erat,
413 1815 445 1869 et
460 1825 537 1888 quae
552 1805 590 1869 ad
612 1806 864 1869 conformandum
887 1806 924 1868 de
946 1806 1096 1892 scriptore
1117 1810 1164 1873 iu·
1213 1869 1216 1878 ,

135 1908 249 1973 dicium
271 1931 344 1992 prae
367 1907 481 1973 ceteris
497 1907 581 1972 utilia
602 1920 684 1972 sunt.
709 1906 859 1973 Nostrum
874 1908 967 1993 igitur
983 1910 1060 1988 erit,
1086 1933 1163 1996 quae

132 2010 167 2075 in
190 2030 228 2075 ea
251 2011 316 2076 vita
339 2011 479 2097 dispersa
500 2021 584 2091 sunt,
607 2022 676 2095 apte
700 2011 885 2075 concinnare
909 2021 1000 2094 atque
1023 2034 1089 2077 cum
1111 2015 1162 2092 iis,

132 2135 213 2199 quae
234 2115 355 2181 aliunde
378 2113 508 2192 scimuS,
533 2133 732 2197 componere,
762 2122 796 2175 ut
817 2112 905 2191 iude,
930 2124 1072 2196 quantum
1098 2113 1165 2177 fieri

131 2227 257 2303 potest,
280 2223 385 2283 veram
407 2218 571 2303 imaginem
592 2215 694 2281 Persii
715 2215 940 2282 conformemus
961 2220 984 2276 ¹.

221 2322 265 2384 Α.
288 2317 455 2386 Persius
476 2318 652 2385 Flaccus
676 2329 765 2384 natus
795 2331 843 2385 est
863 2319 961 2405 pridie
983 2338 1058 2381 non.
1082 2314 1160 2382 Dec.

132 2419 258 2485 Fabio
280 2419 472 2503 Persico,
496 2421 537 2486 L.
561 2419 736 2489 Vitellio
761 2418 853 2485 Coss.
871 2425 915 2502 (a.
936 2441 967 2484 u.
985 2442 1015 2487 c.
1032 2417 1108 2498 787,
1131 2441 1161 2504 p.

135 2518 214 2586 Cbr.
232 2521 288 2608 34)
309 2521 539 2589 Volaterris
561 2523 706 2588 Etruriae
729 2524 859 2607 oppido,
883 2534 917 2587 ut
938 2533 1061 2607 praeter
1081 2521 1164 2586 vitae

134 2624 317 2707 scriptorem
340 2636 494 2691 testantur
513 2624 667 2690 Eusebius
683 2637 714 2687 et
730 2622 933 2690 Cassiodorus
949 2627 980 2688 in
997 2624 1163 2689 chronicis.

137 2722 198 2792 Cui
218 2728 393 2792 testimonio
425 2749 480 2793 our
508 2728 597 2791 fidem
625 2727 809 2810 denegemus
840 2736 872 2791 et
899 2723 1036 2790 Lunae
1063 2727 1164 2811 potius

135 2838 242 2891 natum
264 2848 334 2892 esse
356 2826 497 2894 Persium
518 2842 657 2914 putemus
680 2851 749 2896 oum
771 2827 971 2921 scriptoribus
988 2828 1164 2910 quibusdam

135 2927 224 2994 Italis
241 2937 265 3008 ²,
290 2932 372 2995 nulla
402 2954 496 2997 causa
525 2944 581 2998 est.
622 2929 705 2996 Nam
728 2931 807 3014 quod
834 2930 899 3014 ipse
922 2941 1028 2994 narrat
1051 2927 1164 2994 Caesio

137 3029 236 3096 Basso
259 3030 334 3118 (Vl,
358 3033 499 3119 disqu),
529 3055 563 3099 se
585 3030 694 3098 Lunae
718 3053 785 3096 cum
808 3031 939 3095 maxime
967 3031 1100 3109 morari,
1133 3041 1166 3095 et

137 3156 299 3201 amoenum
326 3136 385 3200 loci
413 3157 569 3202 secessum
600 3135 759 3218 magnifice
788 3133 963 3218 praedicat,
1001 3131 1071 3197 inde
1103 3152 1165 3195 non

136 3239 294 3322 sequitur,
319 3259 387 3303 eum
408 3239 441 3302 in
462 3240 515 3303 illo
535 3237 643 3326 oppido
665 3247 767 3302 natum
791 3256 879 3317 esse3
903 3236 1001 3321 potuit
1019 3234 1062 3298 ibi
1084 3254 1166 3299 com·

136 3342 252 3406 morari
279 3341 389 3408 multas
419 3340 457 3403 ob
485 3360 613 3418 causas,
654 3350 686 3403 ut
714 3348 840 3424 propter
873 3338 952 3402 coeli
980 3332 1163 3417 bominibus,

138 3529 152 3583 1
171 3527 212 3580 ct.
233 3528 343 3596 Boylo
359 3529 467 3581 diction.
487 3544 509 3580 s.
528 3544 556 3580 v.
575 3527 668 3578 Perse.
687 3525 874 3578 Fabricius
892 3525 960 3577 Ribl.
974 3525 1022 3577 lat.
1036 3525 1061 3579 11
1073 3540 1098 3592 p.
1115 3524 1165 3579 idd

136 3597 754 3732 2bidbdibibbvbdeitpeidpibdidffqdelta
778 3664 863 3730 pntrIa
883 3663 908 3712 di
928 3662 1027 3714 Persio.
1047 3662 1163 3726 Genuao,

175 3735 250 3787 1666.
284 3734 317 3786 tt.
338 3734 491 3800 Gasparo
509 3734 636 3798 Massa,
655 3733 724 3784 dotia
742 3734 813 3796 vita,
834 3732 933 3794 origiue
951 3748 966 3783 o
984 3733 1068 3799 putria
1087 3732 1113 3781 di
1131 3731 1163 3789 Α.

172 3802 263 3855 Persio
281 3802 385 3855 Flacco.
405 3803 472 3856 Gen.
488 3805 564 3857 1667.
585 3801 727 3867 Grcgcr.
745 3800 838 3865 Leti,
863 3800 940 3851 ltalia
956 3808 1082 3866 regnante
1095 3808 1115 3851 t.
1128 3796 1165 3848 tv

173 3889 197 3939 p.
216 3870 278 3925 375.
315 3872 392 3938 Aug.
420 3873 603 3933 Oldoinus,
629 3871 786 3922 Athenaeum
812 3869 972 3933 Ligusticum
996 3885 1022 3935 p.
1042 3868 1084 3919 86.
1123 3865 1162 3916 (li.

173 3940 318 4008 Dempster‚
337 3943 429 3994 Etrur.
449 3959 504 4006 reg.
524 3941 557 4006 V,
576 3943 591 3992 d
608 3957 632 4007 p.
646 3939 706 3994 286.
728 3937 811 3989 Storio
829 3939 950 3989 letterar.
969 3936 1039 3997 della
1057 3935 1165 3997 Ligurio

173 4008 254 4073 (Gen.
275 4011 355 4078 1824)
374 4011 385 4064 Ι
403 4029 429 4080 p.
448 4011 480 4067 at
493 4026 548 4078 sqq.
568 4009 667 4076 ddtqq.
693 4005 924 4072 Multandum.
943 4004 997 4104 ΞΡ.
1016 4003 1076 4059 tot.
