2596 4612
129 372 206 417 ηη
453 349 823 417 ruocucouuud.
849 303 855 313 .

131 522 282 586 tractandi
296 521 374 586 ratio
389 533 526 607 apparet.
550 521 612 606 Qui
629 523 697 586 dum
713 522 801 586 nimis
816 522 916 601 nuda,
934 532 967 586 et
980 542 1043 585 non
1060 520 1159 585 dicam

131 622 247 705 libera,
271 626 326 690 scd
347 627 433 689 rudia
454 625 550 692 verba
571 635 714 709 usurpat,
743 626 817 689 satis
839 624 1029 688 demonstrat
1047 622 1159 688 horro-

131 747 217 804 rem,
242 749 302 811 qno
323 727 564 792 bouusiuvenis
586 738 618 792 et
640 739 724 792 casta
745 746 915 810 severoque
929 724 1090 809 disciplina
1104 724 1160 788 im·

132 827 240 909 butus,
256 831 331 894 vitia
345 830 554 908 abominatur,
566 831 614 894 .de
631 829 739 913 quibus
753 828 846 892 faudo
861 828 999 912 accepit,
1023 837 1057 890 et
1069 846 1160 909 quem

134 930 224 995 nimis
245 931 369 995 fortiter
394 943 479 1016 putat
505 932 633 1016 exprimi
661 952 724 995 non
752 950 861 1016 posse,
885 928 1066 1014 praesertim
1092 947 1159 992 cum

133 1030 255 1112 uideat,
279 1032 369 1096 etiam
385 1055 439 1098 eos
455 1034 641 1119 scriptores,
665 1053 791 1118 quorum
806 1031 977 1116 exemplum
992 1030 1160 1097 aemulatus

135 1142 201 1217 est,
225 1133 298 1198 talia
311 1144 474 1206 tractasse.

141 1311 142 1315 =
221 1267 362 1334 Persium
390 1269 515 1355 pulchra
538 1274 635 1338 forma
656 1272 751 1338 luisse
777 1282 882 1336 namet
902 1271 978 1336 vita.
1022 1267 1160 1333 Exstare

136 1370 285 1455 laodiequc
307 1373 373 1437 eius
394 1374 555 1458 imaginem
584 1375 635 1439 diu
665 1375 813 1440 creditum
848 1383 906 1436 est.
944 1369 1160 1457 Auaglyplrum

136 1474 253 1555 egregii
267 1473 381 1538 laboris
396 1477 581 1560 conspicitur
595 1498 677 1541 nunc
692 1478 724 1540 iu
738 1477 812 1541 villa
823 1474 936 1539 Albani
951 1472 1007 1555 (cl.
1022 1469 1161 1536 Iudicaz.

132 1574 231 1658 antiq.
248 1596 278 1637 n.
294 1573 390 1657 584),
412 1578 491 1661 quod
507 1578 668 1662 imaginem
684 1579 744 1644 viri
758 1587 910 1642 monstrat
928 1573 1047 1639 barbati
1072 1584 1162 1657 atquo

138 1675 252 1740 hedera
275 1679 425 1742 coronati.
466 1676 561 1743 Card.
587 1678 771 1759 Sadoletus,
795 1680 845 1762 qui
868 1677 938 1743 olim
959 1676 990 1740 id
1013 1676 1164 1761 possedit,

137 1775 251 1841 hedera
273 1790 393 1863 poetam
415 1780 580 1864 significari
603 1783 737 1865 putavit,
761 1793 793 1846 et
818 1804 886 1847 cum
907 1780 1009 1845 vultus
1033 1779 1164 1843 decorus

137 1882 374 1960 verecundiam,
399 1903 486 1967 quam
508 1883 540 1946 iu
563 1882 673 1948 Persio
702 1868 895 1948 commendat
921 1881 1002 1960 vita,
1026 1899 1101 1964 prac
1129 1898 1164 1943 se

135 1981 221 2050 dcrre
244 1983 421 2064 videretur,
444 1985 606 2070 imaginem
627 1987 707 2050 hauc
727 1983 828 2049 Persii
850 2003 918 2048 esse
940 1982 997 2047 sibi
1014 1981 1168 2067 persuasit

139 2094 172 2148 et
192 2081 328 2168 Ursino,
351 2087 402 2169 qui
423 2110 490 2153 eam
514 2090 572 2153 lroc
593 2087 715 2152 nomine
737 2088 820 2152 inter
845 2087 994 2171 imagines
1024 2081 1167 2148 exhibuit

26 2263 28 2268 Ι
139 2182 178 2267 (t.
197 2183 305 2268 (llll),
328 2191 409 2255 unde
425 2191 478 2255 alii
492 2191 702 2276 repetiverunt
724 2189 855 2273 (Bellori
869 2189 981 2272 imagg.
999 2195 1095 2270 poett.
1111 2182 1165 2256 58.

142 2283 241 2349 Grou.
264 2288 343 2354 thes.
367 2303 433 2356 ant.
458 2291 515 2357 Gr.
539 2305 562 2356 t.
576 2289 636 2371 ΙΙΙ,
653 2293 758 2375 aaa),
782 2293 872 2356 etiam
895 2289 997 2354 Persii
1016 2286 1166 2365 editores,

141 2388 315 2471 nuperrime
336 2393 506 2457 Achaiutre
527 2406 599 2458 ante
621 2397 794 2459 versionem
819 2392 922 2459 Selisii
945 2388 1034 2471 (Par.
1053 2386 1167 2470 1822).

140 2485 241 2571 Quam
257 2513 360 2576 parum
377 2496 463 2558 firma
477 2509 656 2581 argumenta
672 2497 750 2578 siut,
774 2517 850 2581 quae
861 2516 926 2580 ¹pro
943 2495 998 2557 hac
1013 2490 1170 2557 sententia

141 2592 233 2655 allata
249 2606 339 2674 sunt,
356 2609 492 2681 apparet.
522 2597 802 2663 Wiuckelmannus
818 2619 893 2663 vero
910 2597 1038 2661 fortiora
1053 2591 1169 2670 attulit,

141 2713 219 2776 quac
243 2707 350 2759 contra
368 2698 473 2762 valent
495 2702 580 2784 (opp.
598 2711 621 2763 t.
640 2697 698 2780 Vl,
717 2699 734 2762 1
752 2723 780 2785 p.
798 2700 861 2765 255
877 2702 957 2783 sq.),
980 2697 1078 2762 videri
1094 2695 1171 2758 ima·

143 2794 243 2879 ginem
265 2797 324 2861 viri
346 2811 448 2864 aetate
470 2803 689 2885 provectioris,
714 2824 800 2884 quam
824 2803 880 2866 luit
902 2799 1051 2877 Persius,
1081 2815 1172 2880 quem

143 2917 202 2969 uec
223 2898 317 2964 barba
346 2902 487 2983 deceret,
514 2925 600 2988 quam
623 2902 761 2968 Neronis
791 2915 927 2987 tempore
956 2921 1017 2963 uon
1048 2899 1174 2964 alebant

144 2999 205 3064 uisi
220 3002 341 3066 delicati
363 3003 418 3089 (cl.
437 3016 599 3071 comment.
617 3007 655 3069 ad
670 3004 729 3084 lV,
746 3004 788 3069 36
804 3028 833 3090 p.
852 3003 940 3085 176).
972 3000 1062 3084 Quod
1086 3001 1194 3067 addi·.

15 3143 17 3147 -
144 3103 255 3168 derunt
276 3105 530 3172 Wiuckelmanni
552 3109 702 3186 editores,
733 3109 843 3194 stylum
866 3105 1027 3192 anaglyphi
1051 3115 1174 3188 tempus

143 3205 189 3272 M.
207 3211 327 3273 Aurelii
342 3211 441 3291 potius
457 3210 621 3273 ostendere
642 3211 677 3295 (l.
694 3211 717 3273 l.
734 3207 792 3284 Vl,
808 3207 830 3273 2
846 3232 875 3293 p.
893 3206 983 3294 317),
1005 3204 1175 3271 nihilfecit

144 3310 182 3374 nd
210 3322 346 3375 nostram
376 3332 461 3376 rem:
492 3311 604 3394 potuit,
622 3312 702 3375 enim
730 3309 831 3375 Persii
864 3313 964 3396 imago
999 3309 1175 3394 posteriore

145 3432 264 3496 quoque
286 3423 424 3496 tempore
452 3411 601 3494 exsculpi.
665 3409 787 3496 Optime
815 3434 887 3477 aere
916 3433 1096 3497 expressum
1127 3421 1177 3475 est

145 3514 347 3599 anaglyphum
374 3514 408 3576 in
440 3515 566 3598 egregio
602 3511 728 3600 Zoegac
762 3535 856 3600 opere
894 3515 949 3600 (Li
983 3512 1177 3579 Bassirilicvi

145 3615 258 3679 antichi
282 3616 312 3678 di
325 3613 427 3679 Romu
446 3613 478 3678 ll
493 3628 517 3680 t.
541 3615 638 3700 115),
669 3638 727 3699 quo
749 3618 817 3681 loco
841 3639 881 3681 ue
904 3619 969 3682 cius
989 3616 1175 3680 sententiam

145 3716 320 3782 audiremus
348 3717 507 3783 immatura
535 3740 617 3783 mors
648 3719 767 3782 effecit:
791 3719 859 3782 sine
888 3718 977 3782 dubio
1005 3716 1176 3783 Winckel·

145 3818 251 3882 manni
279 3817 369 3883 dubia
389 3820 547 3903 probavit,
577 3832 610 3885 ut
632 3821 706 3885 lecit
725 3819 867 3884 Visconti
895 3818 1054 3905 (lconogr.
1078 3818 1175 3884 Rom.

147 3932 172 3989 t.
197 3917 281 4006 11p.
305 3918 370 3985 430
392 3923 440 3986 ed.
464 3920 562 4009 Mil).
601 3923 711 3986 Altera
732 3923 832 4006 imago
855 3921 957 3988 Persii
979 3943 1091 3987 nomen
1115 3924 1180 3987 lert

35 4062 38 4067 -
147 4023 179 4086 in
208 4026 473 4109 protomemusei
504 4023 670 4112 Capitolini
698 4021 742 4108 (l,
758 4035 785 4108 t.
804 4023 867 4106 29)
897 4036 928 4089 et
955 4025 1053 4088 altera
1083 4023 1178 4088 villae
