2596 4612
413 362 780 431 uuonuuouuuh.
883 463 886 467 Ι
1071 393 1104 435 u

72 532 169 600 haben
190 552 219 599 s.
236 555 273 598 r.
294 530 509 621 Ῑίορνοῦτος,
533 547 656 622 atquae
672 560 714 604 ex
732 559 770 603 eo
785 537 949 625 exscripsit
961 535 1102 607 Eudocia

74 635 229 723 (pall).
261 635 323 721 Qui
344 658 412 704 cum
433 650 570 704 nostrum
592 640 794 706 confunderet
815 663 881 706 curn
897 643 958 707 alio
972 645 1101 727 quodam

73 738 233 820 Cornuto,
249 741 451 808 historiarum
474 743 643 826 scriptore,
673 755 760 810 recte
781 746 909 830 agnovit
935 746 1101 812 Reimarus

71 843 124 924 (al
146 840 245 908 Dion.
270 841 361 910 Cass.
381 841 413 909 ΙΙ
434 866 468 930 ρ,
483 844 600 931 1025),
629 858 783 932 postrema
805 859 921 913 tantum
942 851 1039 916 rerba
1061 850 1100 915 ah
1216 884 1226 893 s

70 956 214 1011 nostrum
228 948 393 1013 referenda
407 968 490 1013 csse.
510 948 596 1014 Haec
610 949 652 1014 ita
666 972 747 1016 nnnc
763 953 921 1017 emendata
936 954 1101 1038 legunturs
1200 1012 1209 1023 .

71 1041 185 1125 Οὗτος
205 1043 226 1115 i
247 1049 444 1138 Κορνοῦτος
465 1050 636 1138 Αιπτίτογς
664 1048 863 1141 φιλόσοφος·
900 1055 1031 1130 Λιπτίς
1060 1053 1099 1124 lt

71 1147 176 1226 πόλις
202 1150 357 1240 Λιβύης·
390 1151 529 1239 γεγονώς
561 1158 596 1222 ἐν
616 1150 730 1246 Ῥώμῃ
752 1159 808 1226 ἐπί
830 1158 1011 1244 Νέρωνος,
1041 1160 1100 1225 οιαὶ

70 1253 155 1341 ripale
182 1247 291 1323 αὐτοῦ
320 1253 517 1344 α’ναιρσθιίς
547 1257 608 1326 σιίν
634 1259 681 1347 τῷ
720 1259 921 1351 Μουσωνίῳ.
967 1267 1097 1347 ἔγραψα

71 1355 184 1427 πολλοὶ
208 1353 382 1445 φιλόσοφοί
402 1385 442 1427 τι
462 1360 519 1428 καί
541 1357 712 1449 ῥητορικά.
736 1361 810 1426 Fuit
825 1383 899 1446 ergo
916 1361 1099 1446 Leptitanus

76 1471 108 1526 ct
119 1482 160 1527 ex
172 1458 334 1526 Bouhisrii
353 1462 400 1548 (iu
414 1461 629 1528 Schcelhornii
650 1485 772 1530 amoen.
789 1465 849 1529 litt.
866 1476 890 1529 t.
906 1463 940 1528 X
955 1487 984 1551 p.
1000 1463 1100 1546 1137)

73 1563 250 1629 coniectura
269 1563 397 1631 libertus
418 1567 637 1646 Annaeorutn,
663 1588 789 1651 quorum
810 1567 925 1632 familia
947 1578 1019 1633 tunc
1034 1579 1099 1632 stu-

71 1668 127 1732 tiis
141 1667 321 1732 liberalibus
336 1667 483 1750 florebat3
507 1680 539 1733 et
552 1689 663 1734 revera
681 1669 832 1735 Annaeus
848 1668 992 1735 Lucanus
1008 1669 1098 1734 disci·

68 1771 158 1856 pulus
177 1767 399 1855 luitCoruuti.
422 1769 565 1854 Plerique
588 1793 684 1850 vero,
714 1773 766 1855 qui
788 1773 880 1836 hasce
901 1784 985 1837 artes
1007 1773 1098 1836 doce·

67 1873 162 1952 hant,
185 1870 330 1936 lihertino
353 1891 469 1956 genere
491 1873 551 1936 orti
576 1883 676 1938 erant.
717 1872 848 1957 Quando
872 1887 961 1939 natus
983 1875 1041 1954 sit,
1066 1882 1099 1938 et

67 1994 127 2058 quo
149 1994 232 2038 anno
254 1986 410 2055 mortuus,
434 1995 497 2038 uon
519 1977 736 2040 esttraditum.
772 1975 1017 2052 (lausannen,
1042 1994 1099 2039 cnr

65 2074 207 2142 Neronis
228 2076 305 2140 iram
326 2077 362 2142 in
379 2099 414 2143 sc
431 2077 648 2154 commoverit,
673 2080 847 2143 accuratius
861 2080 905 2142 ita
920 2087 1065 2143 narratur
1079 2097 1104 2141 a.

65 2177 171 2244 Dionc
187 2175 298 2243 Cassio
314 2177 433 2259 (LXII,
448 2179 525 2260 2‘llc
555 2175 833 2265 Παροσιιιυοίζοτο
848 2179 886 2249 (ll
901 2181 916 2260 (
927 2175 937 2194 ‘
952 2177 1096 2264 Νέρων)

67 2278 185 2357 οῦς-ναί
199 2280 261 2356 τοίς
279 2281 347 2350 νῦν
369 2276 550 2369 Ῥωμαίων
572 2281 708 2368 πράξεις
730 2277 866 2362 αἰιοίσας
887 2277 1097 2369 ουγγροίψαν

67 2390 109 2454 ἐν
128 2389 246 2452 ἔπεσι·
268 2385 325 2452 ναί
345 2384 422 2471 περί
440 2408 480 2473 γε
500 2386 560 2454 τοῦ
575 2381 733 2471 πλήθους
745 2385 814 2452 τῦν
828 2385 995 2470 βιβλίαν,
1009 2386 1096 2470 πρίν

66 2487 124 2556 ιιαί
147 2482 265 2555 ῦτισῦν
291 2485 405 2556 αῦτῦν
435 2496 617 2558 συνθεῖναι
625 2537 637 2568 ,
667 2486 856 2575 ἐσκέψατο,
885 2486 1098 2574 παραλαβών

66 2587 193 2664 σίλλους
206 2615 243 2658 τι
264 2591 321 2658 ναί
341 2585 503 2662 Ἀνναῑον
524 2590 729 2677 Κορνοῦτον
752 2586 1004 2677 εὐδοκιμοῦντα
1018 2585 1097 2658 τότι

65 2715 107 2782 γι
129 2693 188 2760 ent
208 2691 354 2781 παιδείᾳ.
379 2695 436 2762 ναί
459 2693 568 2764 αὐτόν
584 2692 700 2782 ὀλίγου
722 2697 791 2780 μὲν
811 2694 867 2760 καί
882 2687 1095 2775 οίιτέατοινεν,

65 2803 102 2872 ἐς
115 2793 225 2881 νῆσον
240 2790 344 2863 δὀῦν
358 2797 536 2884 ἐνέβαλεν,
553 2794 607 2865 ὅτι
624 2797 729 2866 τινοῦν
744 2792 942 2882 τετρακόσια
958 2791 1097 2872 οίξιοῦν-

65 2922 137 2966 ταν
160 2893 266 2977 αὐτὸν
286 2899 409 2986 βιβλία
431 2898 580 2990 γροίιγαι,
603 2893 714 2968 πολλοί
736 2925 773 2966 τε
797 2895 882 2967 αῦτοί
905 2898 992 2967 εἶναι
1018 2905 1096 2985 ἔφη,

66 3003 126 3072 ναί
146 3001 278 3090 μογίίνα
296 2997 383 3071 αὐτοί
408 2996 681 3091 ἀναγνώσεσθαι.
712 3004 786 3070 Καί
804 3024 898 3074 τινος
919 2995 1095 3086 εἰπόντος·

99 3226 166 3294 Byz.
184 3227 285 3280 vcrhat
299 3224 372 3281 ’Eorl
388 3231 434 3281 καὶ
450 3221 666 3289 πόλιοἘνετέτ,
686 3220 736 3294 ἀφ’
752 3215 784 3293 ἦν
797 3215 831 3292 ἦν
844 3220 859 3276 ὁ
871 3219 1021 3294 Μῦρμηξῦ
1037 3219 1097 3277 δια-

78 3290 220 3348 -ίοιιτιιιῦτ
237 3293 400 3367 φιλόσοφος,
424 3294 460 3352 cir
477 3297 604 3366 Διογένην
622 3293 651 3348 έν
663 3290 779 3364 δευτέρῳ
800 3290 949 3363 φιλοσόφου
967 3289 1095 3365 ἱστορίαν,

99 3365 167 3417 haec
185 3367 272 3419 adlit:
292 3368 439 3436 Myrmecis
457 3368 534 3419 illius
551 3367 627 3419 nulla
646 3365 819 3432 quadratam
837 3368 938 3416 mcntio
956 3368 1096 3416 inuenitur

99 3437 128 3487 in
146 3437 183 3486 iit
201 3436 279 3487 lihrir
295 3437 425 3504 Diogenis
443 3440 492 3503 qni
507 3435 584 3488 hodia
603 3439 725 3487 castani.
758 3434 813 3486 Scd
836 3448 952 3499 magnus
975 3434 1096 3497 defectus

99 3507 128 3555 ln
146 3505 198 3556 illa
214 3506 339 3560 Historia
357 3506 543 3571 Philosophiae
560 3504 669 3557 hacrtti
684 3507 788 3559 iniuria
806 3508 959 3569 temporum
983 3504 1094 3568 accidit,

98 3578 135 3625 ut
156 3589 193 3624 σοι
219 3574 309 3626 Indiae
333 3578 515 3627 vctcsncstmi
537 3574 639 3631 codicis
662 3574 833 3624 observatum
850 3573 920 3623 mihi
936 3573 1019 3636 olim,
1048 3575 1098 3639 pul

100 3642 183 3709 longe
199 3644 293 3709 pluras
310 3644 536 3711 Philosophorum
553 3647 624 3701 nitas
641 3643 768 3693 habemns
793 3641 865 3706 (sic).
901 3640 932 3691 In
950 3659 981 3693 οο
998 3641 1096 3694 aaron

101 3711 163 3769 culo
181 3716 295 3764 memini
311 3713 412 3780 legera,
425 3743 427 3746 <
438 3718 467 3764 ot
490 3711 647 3781 Κορνοῦτον
673 3716 702 3761 et
721 3705 876 3777 Πολέμωνα
893 3715 923 3760 cl
933 3705 1043 3779 ’Ἀρειον
1067 3717 1097 3763 at

102 3781 170 3832 alios
188 3797 272 3847 quarn
289 3783 439 3847 plurimos,
457 3787 491 3832 ut
507 3782 573 3832 alili
588 3782 691 3844 dicam,
717 3782 746 3830 ln
763 3781 805 3831 his
824 3785 853 3830 ct
868 3775 989 3848 Μῦρμηξ
1005 3780 1095 3832 Philo·

102 3851 203 3916 sophus
226 3846 415 3914 Δισλιαταιὸτ,
443 3853 492 3917 qni
504 3853 570 3917 full
593 3866 629 3901 αα
655 3849 752 3915 oppido
776 3849 863 3900 linctu
889 3848 1096 3916 Paphlagoniae

101 3919 246 3975 oriundus.
282 3920 348 3975 Nutu
372 3922 425 3972 alio
450 3921 506 3971 loco
530 3919 562 3970 dc
587 3920 634 3970 hoc
659 3918 742 3969 indico
775 3919 925 3970 accuratius
958 3917 1096 3970 tradiderit

103 3987 264 4055 Salmasius,
290 4007 338 4041 non
366 3991 437 4058 potui
461 3989 639 4053 investigara3
665 3994 780 4038 ceterum
805 3988 865 4057 quin
891 3995 981 4043 noster
998 3987 1040 4038 hic
1057 3985 1095 4036 in·

102 4058 266 4124 offigantur,
278 4059 315 4117 sit
332 4058 463 4119 ῦοιοιιῑιιο
479 4057 526 4118 vix
541 4058 648 4118 ‹lohiunn
665 4056 779 4117 videtur,
