2596 4612
469 369 839 435 Puonuuontultn:
888 427 890 431 .
1087 402 1165 444 xnus

225 538 374 625 Asperum
391 551 424 606 et
438 561 493 607 ora
508 542 612 607 ferens
627 542 747 608 acinum
772 562 951 629 semesaque
970 545 1048 612 lardi
1072 547 1161 632 [lior.

678 644 933 728 mQQQ.

225 740 392 830 Noricique
416 746 520 812 colunt
539 747 673 814 bellaces
694 749 890 834 pannouique
915 748 1028 833 [Prisc.
1045 757 1161 841 perieg.

224 948 430 1036 Taprobanen
446 951 555 1018 reniae
572 850 824 1041 generablt4ddem
840 978 950 1043 magua
973 959 1160 1044 elephantes.

680 1053 792 1137 [Prisc.
810 1060 925 1147 perieg.
943 1058 1031 1144 5961

136 1190 187 1257 Ex
201 1191 309 1258 iisdem
326 1187 472 1276 exemplis
489 1189 635 1276 descripsi
651 1192 762 1273 etiam,
786 1216 863 1279 quac
882 1194 1037 1264 luvenalis
1054 1212 1085 1264 et
1098 1199 1163 1268 Lu-

136 1297 196 1362 cilii
212 1317 286 1381 prae
309 1312 344 1359 se
365 1292 499 1357 tulerunt
520 1293 663 1372 nomina,
686 1296 719 1360 in
742 1297 849 1379 quibus
865 1300 993 1364 eandem
1007 1303 1163 1387 impuden-

134 1401 205 1464 tiam
223 1397 348 1477 inveni,
366 1396 398 1460 in
412 1395 584 1460 nominibus
599 1396 780 1482 scriptorum
792 1421 847 1484 pro
862 1400 957 1466 lubitu
973 1404 1161 1490 effingendis,

133 1522 210 1588 qnae
228 1499 260 1564 in
284 1501 373 1563 modo
388 1497 487 1563 allatis
504 1498 695 1584 perspicitur.
728 1496 835 1586 Itaque
852 1505 992 1590 exemplo
1009 1527 1077 1572 esse
1093 1528 1164 1591 pos·

132 1616 205 1670 suut
221 1601 355 1668 levitatis
371 1623 410 1665 an
426 1601 562 1680 tracus,
584 1622 672 1684 quam
693 1601 726 1666 in
749 1605 930 1672 testimoniis
946 1619 1082 1674 veterum
1097 1611 1162 1676 lau-

133 1705 242 1772 dandis
257 1723 350 1791 saepe
367 1703 532 1769 observare
549 1703 633 1768 licet.
1150 1710 1152 1714 ’

217 1857 343 1924 Editum
365 1858 529 1923 satirarum
550 1858 659 1923 librum
682 1860 827 1926 continuo
849 1863 953 1929 mirari
976 1865 1114 1931 bomines
1130 1878 1163 1932 et

134 1962 266 2048 diripere
286 1968 299 2004 ¹
321 1972 508 2045 coeperunt,
540 1971 573 2024 nt
595 1972 702 2026 narrat
721 1964 798 2028 vita.
844 1963 935 2048 Quod
963 1988 1068 2033 verum
1091 1989 1161 2033 esse

132 2066 226 2131 multa
247 2051 438 2147 anuquor'um
461 2063 591 2148 probant
610 2066 797 2131 testimonia.
829 2066 877 2131 De
898 2066 1051 2133 Lucani
1066 2069 1161 2147 admi<

132 2170 265 2247 rationu¹
284 2167 344 2231 iam
373 2164 524 2247 vidimus3
561 2164 833 2248 Quintilianus
863 2168 1062 2234 celeberrimo
1090 2171 1160 2236 loco

135 2271 193 2351 (X,
211 2256 244 2348 1;
261 2266 339 2352 94)=
361 2266 516 2346 Multam,
541 2269 602 2346 ait,
626 2277 659 2332 et
670 2289 765 2332 cerae
777 2271 923 2357 glora‘uc,
944 2275 1084 2358 quamuis
1098 2295 1160 2339 arto

134 2374 238 2450 libro,
261 2372 395 2437 Persius
408 2372 542 2451 meruit,
565 2371 616 2435 ubi
631 2371 803 2437 notabimus
818 2393 921 2438 veram
937 2376 1084 2458 gloriam,
1101 2398 1160 2462 quo

133 2500 164 2541 v.
179 2475 358 2563 significare
372 2476 492 2541 videtur
508 2473 734 2557 Quintilianus,
758 2476 835 2559 apud
852 2477 958 2542 doctos
973 2479 1160 2562 potissimum

133 2580 363 2665 incorruptique
385 2578 490 2644 iudicii
514 2575 651 2642 homines
683 2578 851 2642 lectitatum
881 2581 977 2644 fuisse
1004 2570 1157 2644 Persium.

130 2679 235 2767 Ipsum
256 2682 394 2745 studiose
413 2681 526 2764 legisse
542 2680 607 2745 eius
622 2681 753 2759 satiras,
771 2681 977 2759 demonstrat,
1002 2683 1080 2766 quod
1096 2704 1160 2746 non

132 2787 232 2850 solnm
247 2785 313 2849 cius
329 2768 503 2849 testimonio
519 2783 614 2848 utitur
629 2779 704 2865 (lX,
720 2782 752 2859 3,
769 2780 809 2863 93
824 2781 879 2847 42.
902 2783 945 2863 Χ,
963 2784 995 2862 3,
1012 2784 1088 2869 29),
1104 2785 1160 2851 sed

133 2887 308 2971 quibusdam
325 2886 401 2950 locis
416 2897 520 2972 aperte
537 2905 604 2949 eum
627 2885 781 2970 expressit
803 2882 895 2970 (XII,
914 2885 966 2965 10,
982 2884 1079 2954 2601.
1097 2899 1156 2952 sat.

132 2987 162 3068 Ι,
177 2990 233 3055 44.
263 2986 323 3069 111,
342 2988 373 3066 1,
391 2985 466 3052 301.
483 2999 543 3065 sat,
561 2985 588 3067 l,
605 2984 701 3070 107),
732 2998 889 3069 utrumque
915 2989 1045 3072 denique
1068 3009 1160 3073 saepe

134 3091 242 3156 eodem
255 3091 368 3156 indicio
384 3091 427 3155 uti
442 3091 599 3167 videmus,
623 3100 656 3154 nt
676 3110 739 3154 non
762 3089 906 3154 miremur
925 3088 1027 3155 Persii
1048 3091 1159 3155 satiras

131 3194 285 3281 placuisse
315 3191 517 3274 Quintiliano.
562 3188 639 3256 Cum
668 3191 725 3255 boc
753 3192 908 3256 consentit
930 3193 1064 3259 eiusdem
1089 3194 1157 3258 aevi

131 3307 225 3384 poeta
245 3295 472 3374 Martialis,
497 3295 548 3378 qui
570 3293 620 3357 ubi
641 3315 735 3379 parva
757 3294 944 3379 potissimum
967 3307 999 3360 et
1012 3318 1083 3360 rara
1102 3317 1160 3359 ox-

131 3399 320 3487 petidocet,
344 3398 418 3464 baec
433 3398 570 3482 adiungit
584 3394 656 3479 (IV,
672 3395 727 3477 29,
745 3397 765 3462 7
780 3400 862 3484 saplz

132 3624 145 3677 1
165 3624 264 3690 Diript
290 3622 387 3674 dicitur
409 3623 447 3683 ls,
472 3637 547 3690 quem
573 3636 661 3674 omnes
685 3629 760 3674 tauto
782 3621 872 3674 lavore
897 3626 1036 3689 expetunt,
1060 3625 1157 3673 utnon

167 3694 250 3760 possit
267 3693 369 3743 eunctis
385 3691 558 3755 satisfacere,
578 3691 612 3744 cl.
633 3691 695 3743 Seu.
715 3693 745 3742 de
763 3693 802 3742 ira
821 3691 866 3755 111,
878 3691 929 3747 232
949 3691 1049 3741 Postea
1069 3691 1158 3741 Timu-

166 3777 248 3827 ganes
268 3789 301 3798 -
319 3764 380 3812 totu
397 3765 509 3813 ciuitate
527 3758 650 3828 direptae
667 3765 718 3812 eat.
744 3763 775 3812 de
794 3759 868 3811 brev.
886 3760 936 3811 vit.
957 3761 986 3811 7:
1014 3761 1158 3825 Dim‘pa'tm·

167 3830 216 3881 itta
233 3834 293 3881 toto
302 3831 373 3896 foro
387 3837 534 3896 patronas.
554 3830 633 3883 blart.
648 3829 702 3890 Vll,
716 3830 760 3891 16,
780 3830 792 3881 1
807 3845 865 3895 sape
886 3828 961 3894 Quod
978 3833 1006 3879 te
1023 3828 1159 3892 diripiunt

162 3902 337 3965 potentiores
356 3914 410 3966 per·
432 3904 568 3959 conuicia,
590 3903 717 3966 porticus
740 3899 849 3950 theatra
871 3925 906 3935 -
932 3897 1027 3949 Nolito
1044 3899 1156 3946 ariminen

167 3969 222 4019 atti
233 3968 353 4034 plaeere.
373 3968 429 4019 luv.
447 3968 493 4030 Vl,
512 3969 578 4022 403:
604 3970 669 4034 Quis
684 3972 772 4030 umet,
791 3971 853 4032 qaia
869 3966 1022 4034 diripiatur
1037 3964 1153 4016 adulter.

167 4036 210 4088 Cf.
229 4037 267 4088 ib.
285 4037 367 4106 intpp.
386 4036 498 4092 ttarktu.
517 4037 636 4091 adstat.
656 4037 722 4089 Sitv.
741 4035 775 4100 V,
793 4037 820 4095 3,
843 4035 901 4091 1211.

175 4159 296 4204 amoos.
929 4137 948 4198 d
