2596 4612
454 357 818 423 nnouucossun.
921 324 924 329 ’

259 531 388 616 Saepius
402 531 433 594 iu
449 530 527 595 lihro
545 535 743 593 numeratnr¹
756 524 883 593 Persius
898 547 960 591 uuo

151 627 153 630 ’
296 632 395 716 Quam
410 634 489 699 levis
504 633 536 695 in
552 642 615 695 tata
631 627 755 694 Marsus
770 628 993 698 Amazonlde..

130 742 232 823 Atque
246 755 314 800 eum
329 747 437 822 postem
450 754 570 819 qnoque
585 734 616 797 iu
632 733 837 801 trevirorum
852 732 947 797 inisse
966 729 1156 797 eruditorum

133 842 244 903 docent
265 860 341 922 quae
365 840 402 902 de
426 836 619 923 Septimio
642 845 732 918 atque
748 834 982 898 Alexandro
1007 827 1156 897 Severo

59 943 62 951 '
132 953 313 1022 narrantur,
338 954 370 1006 ut
390 939 493 1006 Persii
514 940 610 1006 verba
631 957 778 1022 usurpare
798 935 881 1000 soliti
896 937 960 999 siut
973 935 1031 1018 (ci.
1049 930 1155 1018 Spart.

131 1041 284 1108 Pescenn.
308 1042 383 1127 Nig.
403 1043 423 1107 3
446 1045 485 1106 el.
502 1054 561 1107 sat.
579 1038 606 1118 Ι,
625 1033 699 1104 103.
723 1035 881 1122 Lamprid.
907 1036 1003 1102 Alex.
1022 1034 1100 1101 Sev.
1117 1033 1157 1098 ll

132 1147 171 1208 ol.
189 1155 248 1210 sat.
267 1142 309 1223 ll,
326 1143 394 1232 69).
419 1143 524 1229 Itaque
539 1142 665 1207 Persius
680 1141 713 1204 in
729 1161 884 1204 numerum
901 1140 1095 1204 satiricorum
1109 1157 1157 1201 rea

132 1257 237 1331 ceptus
259 1259 326 1326 est,
358 1247 407 1332 qui
429 1269 502 1333 prae
527 1245 640 1311 ceteris
663 1244 863 1329 legebantur,
895 1255 1014 1307 etcum
1037 1236 1158 1305 Lucilio

132 1361 164 1413 et
186 1346 314 1414 lloratio
337 1350 532 1435 coniungitur
559 1371 578 1412 a
599 1346 791 1411 Diomede
821 1344 884 1428 (Ill
898 1342 1009 1439 p.482
1024 1342 1066 1408 cl.
1084 1340 1157 1407 laid.

133 1472 180 1516 or.
194 1449 241 1528 -V,
258 1449 312 1539 6),
335 1454 375 1515 cl.
399 1449 452 1514 lo.
478 1449 610 1537 Lydus
633 1439 687 1532 (de
701 1469 782 1533 mag.
800 1445 827 1527 Ι,
844 1446 920 1528 ll),
944 1446 995 1530 qui
1008 1448 1052 1510 ila
1068 1447 1106 1512 tle
1122 1467 1159 1510 eo

133 1564 222 1634 atquc
238 1551 366 1615 Horatio
382 1553 514 1616 iudicat:
536 1548 692 1638 Ὁράτιος
709 1555 778 1638 μὲν
798 1543 860 1616 οὐκ
881 1552 942 1627 ἔξω
965 1549 1025 1636 τῆς
1038 1547 1167 1638 τέχνης»

132 1653 261 1744 χοροῖο·
274 1652 432 1738 Πὲροιος
454 1653 490 1721 dt
505 1653 566 1720 ndu
589 1651 736 1739 ποιητήν
753 1648 919 1741 Σώφρονα
935 1644 1161 1739 μιμήσασθαι

133 1756 248 1823 θέλων
267 1754 306 1820 τό
329 1749 553 1842 Λυκόφρονος
574 1757 751 1841 παρῆλθεν
773 1751 938 1841 aucupio.
971 1755 1161 1839 usquehuc

133 1861 224 1942 longa
238 1859 421 1943 scriptorum
434 1860 535 1924 series
550 1859 658 1936 orium,
678 1879 753 1941 quos
769 1855 909 1922 Persium
924 1857 1059 1922 studiose
1074 1858 1163 1921 lecti-

133 1972 216 2032 tasse
233 1970 364 2027 constat.
393 1958 667 2026 Grammaticorum
678 1951 794 2048 ‚linter
808 1964 883 2043 qnos
898 1958 1162 2025 Censorinum

134 2062 258 2130 nomino
280 2062 336 2141 (de
350 2062 400 2130 die
417 2063 488 2130 uta
511 2065 550 2130 cl.
572 2061 691 2144 catil,
709 2061 787 2149 im),
817 2075 906 2146 atque
929 2063 1162 2129 scholiastaruu

134 2166 233 2235 nultus
249 2167 314 2233 fers
330 2175 398 2243 est,
421 2167 472 2250 qui
494 2188 556 2230 nou
578 2164 681 2232 Persii
702 2167 798 2232 verba
820 2167 852 2228 in
867 2165 1074 2253 testimonio?
1089 2166 1162 2229 alie·

133 2278 200 2339 rata
224 2286 300 2348 quos
316 2267 364 2330 hic
380 2288 545 2335 recensere
560 2271 683 2352 longum
697 2281 766 2346 est,
789 2280 822 2332 et
838 2269 870 2332 in
883 2256 1086 2334 annotatione
1102 2267 1164 2335 cri-

136 2369 195 2433 tica
209 2369 337 2454 siugulis
352 2368 428 2435 loeis
444 2371 642 2436 adhibuimus.
658 2370 829 2436 Praeterea
839 2391 923 2436 vern
934 2372 1076 2455 permulti
1089 2364 1164 2436 snut

135 2472 320 2556 sumptores,
352 2472 404 2554 qui
431 2483 617 2557 quantopere
637 2475 712 2558 ipsis
737 2474 887 2558 placuerit
913 2470 1015 2538 Persii
1043 2494 1166 2548 sermm·

134 2593 222 2656 quem
238 2571 359 2636 assidua
374 2573 507 2639 lectione
521 2575 601 2640 hene
618 2577 771 2658 cognitum
787 2574 956 2654 habehant,
981 2596 1019 2639 eo
1034 2576 1177 2653 danninu-¹

135 2684 253 2750 strant,
279 2675 358 2757 quod
379 2676 524 2741 imitando
545 2679 642 2762 magis
662 2678 801 2744 minusve
822 2679 981 2763 perspicue
998 2698 1165 2762 expresses

135 2788 224 2845 runt:
249 2798 375 2859 qnorum
390 2778 533 2860 quosdam
549 2781 658 2844 afferre
674 2781 772 2845 risum
787 2765 857 2844 cst.¹
876 2778 981 2864 ltaque
1003 2790 1167 2864 poetarum·

136 2880 344 2945 Ausonius
366 2882 525 2963 permultis
547 2881 623 2946 locis
650 2879 790 2946 Persium
821 2895 926 2968 aperte
951 2883 1087 2946 imitatus
1115 2891 1166 2945 est

136 2982 191 3065 (cl.
208 2983 246 3047 ad
263 2993 322 3049 sat.
339 2976 398 3061 IV,
417 2980 469 3047 tu.
491 2983 533 3062 V,
549 2984 592 3048 24
604 3006 652 3068 sq.
669 2983 762 3066 86),
778 2997 869 3068 atque
895 2983 1088 3048 Paulinus
1110 2984 1165 3064 (ad

135 3079 178 3162 V,
195 3081 272 3170 86),
296 3106 353 3150 nec
368 3086 468 3151 minus
486 3082 673 3152 Sidonius
689 3087 964 3172 Apollinaris,
987 3087 1039 3170 qui
1059 3085 1169 3150 Persii

136 3189 275 3271 rigorem
305 3187 441 3253 laudavit
467 3176 578 3272 (carm.
609 3186 670 3267 IX,
694 3188 792 3275 264),
821 3208 913 3273 saepe
942 3189 1074 3272 vestigia
1098 3189 1167 3252 eius

136 3290 258 3373 pressit.
290 3286 458 3374 Praecipue
474 3290 641 3373 scriptores
657 3288 826 3357 Christiani
848 3291 886 3354 ob
909 3292 1037 3354 ethicam
1062 3290 1177 3374 gravi·⁴

137 3402 229 3455 tatem
254 3400 285 3454 et
308 3381 424 3454 morum
444 3391 694 3474 corrigendorum
716 3394 914 3460 serentatem
935 3391 1078 3458 Persium
1094 3414 1166 3478 pro·

136 3490 265 3567 hornut,
297 3512 396 3574 neque
420 3493 607 3557 erubueruut
630 3516 697 3559 cum
721 3497 806 3581 sequi
834 3518 895 3560 nou
920 3496 1018 3559 solum
1038 3506 1164 3579 poetae,

137 3593 188 3677 qui
217 3593 400 3661 carminibus
430 3592 610 3680 religionem
640 3595 844 3665 Christianam
877 3598 1093 3676 celebrarunt,
1132 3595 1168 3661 ht

136 3696 382 3762 Prudentius
402 3698 457 3784 (ad
473 3694 499 3775 1,
519 3697 573 3784 13)
596 3712 627 3765 et
649 3699 836 3766 Sedulius
858 3699 912 3786 (ad
927 3697 986 3778 tlt,
1002 3697 1079 3785 87),
1108 3700 1162 3764 sed

136 3811 240 3887 patres
254 3799 346 3869 etiam
361 3800 563 3875 ecclesiastici
581 3824 743 3888 maguum,
767 3803 846 3885 quod
868 3803 901 3866 in
922 3800 1032 3869 Persio
1054 3823 1165 3887 posue·

134 3975 146 4025 l
167 3974 206 4026 lta
221 3972 306 4027 edidit
322 3989 337 4023 e
354 3972 428 4023 codd.
448 3973 659 4026 Schneidcwluus
677 3989 722 4040 pro
749 3975 820 4038 vulg.
845 3981 1023 4027 memoratur.
1059 3974 1096 4026 De
1116 3975 1170 4026 hoc

166 4044 247 4109 epigr.
267 4043 300 4094 cl.
321 4039 478 4105 Wciehsrt,
498 4051 577 4110 pontt.
598 4042 668 4094 [ιιι.
692 4042 750 4095 rell.
772 4058 797 4108 p.
816 4043 932 4108 ttisqq.
