2596 4612
131 378 203 425 mr
450 354 820 420 rectudendum.

130 525 340 612 indignantem
362 526 456 592 moult
475 546 577 592 mores
599 529 637 591 ab
653 527 774 610 antiqua
789 523 982 610 simplicitate
996 535 1028 588 et
1040 522 1161 590 vincte

104 631 337 728 §degeneratos
363 639 454 712 atque
477 640 654 713 corruptos,
678 627 803 695 veritati
825 639 914 711 atque
934 627 1040 691 virtuti
1062 627 1161 692 unice
1197 669 1204 677 ·

132 727 284 796 addictum
306 741 338 794 et
357 730 484 795 iuvenili
498 733 623 797 fervore
637 750 693 816 pre
708 730 868 807 libertate,
885 749 972 812 qoam
987 728 1111 793 unicnu
1127 740 1163 793 ct

131 834 230 898 solum
245 833 357 896 bonnm
372 831 483 911 hahet,
500 844 696 918 pugnantem.
721 829 839 915 Quodsi
854 831 1052 898 concedimus
1061 831 1164 914 louge

129 934 243 999 abesse
259 935 338 999 hunc
353 935 495 1001 ardorem
510 936 548 999 ab
564 936 630 1001 eius
645 934 705 999 viri
719 934 879 1019 sapientia,
900 954 987 1016 qnam
1002 931 1163 996 hominnm

132 1037 275 1119 vitaeque
289 1036 399 1121 longus
413 1058 487 1102 usus
502 1037 685 1122 temperavit
698 1047 788 1119 atque
802 1036 984 1115 maturavit,
1006 1046 1040 1099 et
1057 1034 1162 1120 magis

133 1136 269 1204 subulam
283 1159 392 1223 sapere
409 1161 496 1222 qnam
512 1140 626 1215 vitam,
649 1136 885 1204 condonabimus
901 1136 932 1202 id
948 1157 1023 1202 sanc
1038 1135 1160 1214 iuveni,

135 1260 223 1324 quem
245 1261 328 1305 mors
349 1242 508 1306 immatura
528 1242 676 1306 absumsit
697 1252 729 1306 et
750 1241 847 1324 pudor
861 1239 1020 1324 virginalis
1032 1238 1164 1303 artabat

133 1343 172 1406 ab
187 1343 283 1407 seculi
303 1342 456 1427 corruptis
475 1344 619 1408 moribus.
651 1340 820 1428 Ingenuum
841 1352 927 1406 certe
948 1341 1098 1405 libertatis
1113 1351 1163 1404 at·

130 1464 193 1528 que
207 1445 328 1510 virtutis
342 1465 478 1509 amorem
494 1465 582 1508 nemo
597 1447 629 1508 in
644 1442 754 1509 Persio
769 1465 830 1507 nou
852 1452 953 1528 potest
973 1462 1161 1527 agnoscere.

84 1541 86 1547 ’
132 1543 282 1610 Ceterum
297 1546 453 1610 familiaris
469 1567 535 1610 cnm
547 1546 688 1611 Thrasea
704 1547 892 1610 consuetudo
908 1546 998 1608 etiam
1012 1544 1046 1607 in
1061 1542 1164 1608 studia

134 1646 283 1712 litteraria
306 1647 370 1710 eius
390 1648 450 1710 vim
472 1648 619 1731 quandam
644 1648 785 1712 habuisse
809 1649 948 1712 videturs
977 1655 1061 1710 certe
1084 1664 1163 1727 quos

37 1781 39 1785 ’
125 1749 295 1814 admodum
317 1749 437 1813 iuvenis
457 1749 489 1812 in
511 1749 669 1813 Arriam
689 1758 817 1813 matrem
836 1770 947 1814 versus
971 1749 1066 1824 lecit,
1092 1746 1163 1810 huic

135 1850 312 1934 cognationi
333 1851 520 1935 potissimum
543 1851 722 1916 tribuemus.
756 1849 867 1933 Neque
890 1852 1021 1914 fortasse
1045 1847 1164 1913 errabi·

134 1948 222 2031 mus,
245 1952 326 2016 siin
348 1972 386 2016 ea
407 1972 442 2016 rc
464 1952 622 2018 Thraseae
644 1972 763 2037 quoqne
785 1954 998 2017 auctoritatem
1020 1951 1164 2036 agnosci·

134 2075 219 2132 mus,
243 2056 321 2139 quod
338 2052 481 2133 Persius,
505 2076 573 2121 cnm
596 2057 635 2120 ad
650 2056 825 2138 tragoedias
839 2055 1018 2119 scribendas
1033 2053 1164 2116 accede-

134 2167 202 2234 ret,
219 2159 771 2242 praetactospotissimnmelegit1,
796 2168 828 2221 et
849 2176 1026 2240 quamquam
1047 2175 1106 2240 per
1126 2155 1164 2218 li-

135 2257 254 2322 brarios
269 2258 328 2321 iam
344 2279 407 2321 non
429 2271 531 2343 potest
550 2262 701 2346 perspici,
725 2261 877 2343 quodnam
898 2269 1110 2342 argumentum
1131 2256 1165 2320 in

133 2378 174 2423 ea
189 2359 370 2423 tractaverit
386 2368 417 2437 ²,
441 2373 597 2444 procerte
618 2374 721 2426 tamen
744 2363 883 2425 affirmari
905 2370 1023 2445 potest,
1048 2358 1165 2422 Roma·

137 2481 195 2524 nae
212 2461 333 2525 virtutis
350 2463 520 2545 exemplum
535 2464 568 2526 in
585 2485 621 2527 ea
634 2464 818 2527 celebratum
834 2463 940 2539 fuisse,
953 2462 1054 2525 animo
1070 2462 1164 2546 digno

134 2560 176 2627 iis
196 2562 291 2639 viris,
317 2563 493 2646 quibuscum
519 2565 702 2630 versabatur
728 2563 868 2629 Persius.
913 2562 1053 2647 Denique
1083 2563 1164 2628 hand

132 2661 325 2746 improbabili
354 2665 532 2729 coniectura
559 2664 728 2732 Passovius
756 2666 802 2752 (p.
818 2665 874 2747 85)
912 2677 1072 2730 assecutus
1103 2674 1164 2744 est,

137 2759 362 2847 o‘docnopcuoiv
378 2767 505 2845 librum,
531 2788 618 2853 quem
633 2768 771 2852 scripsit,
796 2779 1005 2854 argumentum
1022 2765 1166 2831 habuisse

133 2865 232 2950 ipsam
247 2864 328 2928 illam
344 2888 412 2931 cum
429 2868 569 2934 Thrasea
583 2871 873 2954 peregrinationem,
891 2891 967 2954 qnae
983 2870 1072 2950 digna
1088 2889 1166 2932 sanc

132 2966 236 3036 videri
250 2968 480 3053 potuitiuveni,
506 2994 593 3055 quam
618 2972 753 3037 carmine
779 2971 966 3049 celebraret,
991 2955 1165 3052 exemplum

138 3081 277 3148 secutus,
303 3083 335 3134 ut
349 3071 426 3137 alios
447 3075 603 3152 omittam,
627 3072 739 3138 Lucilii
761 3085 850 3156 atque
871 3071 993 3136 Horatii
1010 3075 1036 3133 ³.
1071 3069 1166 3136 Cete-

108 3207 111 3213 f
136 3192 204 3237 rum
220 3173 295 3237 haec
310 3173 455 3240 iuvenilia
470 3178 631 3243 conamina
646 3177 724 3241 haud
745 3196 885 3259 magnam
900 3174 1020 3240 laudem
1035 3173 1168 3238 meruis-

139 3358 153 3411 l
173 3356 313 3410 Nenkircb.
335 3358 366 3410 de
385 3358 435 3411 lab.
456 3368 509 3424 tog.
529 3378 554 3428 p.
567 3363 601 3418 23
611 3379 666 3429 sqq.
691 3363 824 3426 Welcker,
844 3361 948 3415 Griech.
962 3361 1043 3426 Treg.
1058 3378 1082 3428 p.
1100 3361 1168 3413 test

133 3446 136 3525 ζ
173 3441 230 3498 ⁸‘ll-
250 3425 359 3547 1⁴⁰¹·pr
376 3428 424 3480 llb.
443 3429 511 3483 Mus.
523 3430 566 3483 ‘Vl
577 3447 603 3499 p.
618 3433 667 3485 518
679 3448 753 3500 sqq,
771 3433 845 3483 cuius
863 3432 1019 3483 sententiam
1039 3445 1087 3480 nen
1108 3446 1168 3497 pos-

135 3563 156 3618 2
173 3509 232 3703 {¹3
244 3511 344 3616 ibboleno
356 3533 485 3632 permotus
497 3565 723 3635 Nenkirehins(de
735 3569 788 3621 lab.
803 3576 855 3631 tog.
869 3584 895 3634 p·
909 3567 1107 3633 92)suspicatus
1120 3567 1167 3625 sit,

204 3634 367 3685 uinctilii
390 3634 475 3688 Vari
498 3637 599 3689 tristem
623 3647 719 3691 sortem
745 3641 793 3689 hec
817 3636 903 3687 fabula
921 3636 1079 3687 celebratam
1095 3649 1167 3697 esse,

177 3716 225 3750 con
245 3703 372 3766 intelligo.

133 3769 158 3823 'b
175 3768 344 3822 Romanorum
357 3779 461 3838 poetas,
480 3774 523 3840 qni
537 3774 568 3825 de
580 3771 718 3826 itineribus
731 3773 908 3838 scripserunt,
927 3778 1047 3824 recenset
1063 3773 1171 3823 diversa

175 3839 288 3890 miscens
300 3839 497 3892 Wernsdcrlius
510 3843 606 3908 (Poett.
621 3843 692 3894 Latt.
706 3844 768 3893 min.
778 3841 801 3894 V
813 3859 838 3908 p.
853 3843 886 3894 30
899 3841 979 3908 sqq).
999 3841 1169 3905 Fragmenta,

176 3921 242 3974 qnae
260 3908 292 3959 nd
310 3907 442 3960 Lucilli
460 3913 512 3963 iter
528 3916 660 3980 pertinere
673 3911 840 3974 viderentur,
860 3918 1056 3978 composnerunt
1069 3909 1088 3960 Ι.
1105 3908 1168 3960 llut-

134 4002 138 4009 ·
174 3977 279 4040 gersins
297 3977 369 4028 lectt.
388 3977 486 4031 Venns.
506 3996 530 4032 c.
551 3981 583 4034 15
601 3997 626 4047 p.
646 3979 697 4030 318
715 3995 771 4046 sqq.
797 3979 914 4046 Vargcs,
933 3979 962 4030 C.
981 3978 1077 4031 Lucilii
1089 3978 1169 4032 satir.

177 4060 242 4114 qnae
262 4060 295 4097 ex
312 4045 332 4098 l.
351 4045 384 4099 Ill
402 4056 552 4118 supersunt.
572 4048 650 4102 scats.
670 4048 747 4100 1836.
790 4094 795 4102 ,
1071 4083 1074 4086 -
1120 4081 1126 4088 .
