2596 4612
464 340 831 407 Pn-ottootttttac
1123 368 1167 413 stt

131 520 248 591 natus,
272 519 381 595 postca
394 513 615 594 manumissus,
637 513 950 582 Romae-docuitiam
962 514 1020 587 aab
1035 510 1165 583 'Plbcrio

133 626 168 681 et
181 612 340 695 Claudio,
370 625 403 680 et
421 636 517 700 usquc
542 617 580 682 ud
599 629 791 684 senectutem
808 631 972 706 provectus
987 631 1054 696 est,
1085 630 1167 687 teste

134 715 347 800 Quintiliano,
371 718 424 802 qui
436 740 513 784 suae
527 722 623 785 astiti
636 740 706 795 cum
721 723 868 788 adscribit
880 721 925 809 (1,
939 723 980 801 1,-
990 720 1066 808 20),
1080 743 1166 808 ι((0οὴ

133 840 203 886 cunr
230 821 387 899 consentit
412 819 570 889 Iuvenalis
590 821 665 906 (vt,
681 823 758 893 452.
773 822 860 904 tlt,
877 821 966 911 215).
1000 824 1050 889 llo
1071 827 1166 910 igitur

133 1028 278 1095 maxime:
298 1027 452 1106 dorebute·
476 1038 509 1092 ct
535 1049 712 1112 quamquam
739 1051 801 1095 non
823 1029 919 1113 {inodo
945 1034 1048 1097 uanae
1064 1042 1167 1117 'supra

133 1129 258 1195 modum
286 1130 502 1215 arrogantiae,
527 1133 593 1195 sed
619 1132 970 1198 immodicaaluxuriae
994 1136 1052 1218 (cl.
1081 1132 1167 1200 Plio·-

134 1227 229 1310 XIV,
244 1231 278 1309 4,
298 1231 333 1314 5)
357 1243 389 1296 ct
408 1232 609 1317 turpissimae·
622 1234 756 1298 libidinis
779 1235 859 1300 lama
879 1234 1046 1319 flagrabat,
1075 1237 1118 1301 ita
1133 1247 1169 1301 ut

136 1347 200 1400 tuto
216 1336 331 1420 pueros
347 1335 377 1397 ei
392 1335 540 1399 committi
554 1355 646 1419 posse
668 1348 852 1420 negaretur,
871 1337 1049 1421 principem·
1062 1346 1166 1403 mmor

139 1437 217 1503 iuter
250 1437 466 1520 grammaticos
501 1437 601 1501 locum
630 1438 761 1504 obtinuit
794 1450 827 1502 ct
861 1438 1005 1504 affluente
1031 1441 1169 1524 numque

139 1539 353 1624 discipulorum
374 1538 462 1623 eopia
491 1558 632 1623 magnam
654 1560 720 1605 rem
742 1541 921 1605 familiarem
935 1541 1056 1619 effecit,
1080 1543 1169 1607 cusis

135 1641 387 1727 diligentissimus
400 1642 479 1719 fuit,
503 1661 561 1705 nec
576 1642 775 1706 sufficientem
788 1654 892 1709 umen
906 1643 1067 1709 sumtibus.
1101 1640 1167 1712 Sed

134 1744 290 1810 alliciebat
309 1741 450 1809 homines
471 1745 619 1809 memoria
642 1765 746 1808 rerum
775 1756 806 1808 et
831 1747 976 1811 facilitate
992 1746 1166 1824 'scu-monis,

134 1866 237 1930 neque
251 1845 371 1931 poetica
387 1848 533 1912 facultate
548 1847 687 1924 carebat,
701 1868 744 1919 eu
753 1858 891 1932 tempore
906 1859 1046 1934 poemata
1060 1850 1167 1914 lacero

133 1958 293 2035 promptus
313 1956 337 2011 ².
386 1947 435 2013 Ita
462 1951 542 2035 apud
571 1960 713 2033 poneres
742 1970 862 2034 quoque
887 1972 1027 2035 magnam
1057 1932 1167 2015 lamam

132 2052 264 2136 adeptus
286 2061 336 2114 est
356 2047 482 2132 (Sidon.
505 2051 611 2135 Apoll.
634 2071 705 2135 epp.
727 2048 771 2129 V,
788 2048 842 2113 10.
875 2048 1017 2116 Cassiod.
1035 2053 1115 2117 ortb.
1133 2073 1164 2136 p.

131 2151 222 2221 2321
235 2150 314 2237 Ρ.),
336 2161 367 2216 et
389 2153 468 2218 baud
490 2174 562 2217 raro
587 2152 653 2216 cius
674 2153 755 2236 apud
775 2153 990 2237 grammatibus
1004 2154 1120 2219 mentio
1135 2152 1169 2218 lit

89 2306 93 2313 .
136 2257 197 2342 (ci.
209 2253 332 2322 Charis.
350 2253 381 2320 11
394 2253 513 2340 p.199.
528 2251 605 2318 200.
620 2249 696 2319 205.
712 2253 788 2320 207.
806 2253 882 2321 212.
898 2252 1002 2319 Diona.
1019 2252 1168 2342 tp.-4ttt.·

136 2361 177 2424 el.
195 2357 319 2438 Osann,
336 2355 438 2422 beitr.
456 2352 488 2420 11
503 2379 533 2443 p.
550 2356 614 2423 325
628 2378 676 2441 sq.
691 2355 794 2423 Prisc.
809 2355 827 2420 I
840 2380 871 2442 p.
888 2354 965 2442 560)
985 2366 1010 2421 ².

171 2562 248 2616 quam
266 2563 301 2599 ex
317 2547 433 2600 Marullo
453 2548 533 2614 (ortb.
552 2564 586 2617 ρ.
598 2547 659 2614 tte)
679 2546 811 2599 Gruterus
832 2546 905 2612 (053,
926 2547 950 2598 1.
968 2545 1003 2599 ol'.
1018 2544 1169 2599 Flcetwcod

171 2617 234 2685 syll.
256 2633 281 2685 p.
300 2616 361 2681 210,
381 2614 426 2681 3),
451 2632 484 2667 ex
509 2612 614 2681 ngorlo
639 2616 727 2683 paneis
744 2615 851 2666 mutatis
870 2613 971 2666 Gudius
988 2614 1061 2680 (222,
1082 2612 1109 2680 5)
1128 2629 1167 2665 re·

172 2687 265 2754 petiit,
289 2686 350 2751 quin
368 2686 499 2752 supposita
518 2687 570 2748 sit,
595 2700 669 2737 uemo
694 2685 825 2736 dubitabit
848 2684 940 2737 veleb
959 2682 1058 2749 bigotii
1076 2698 1167 2735 nomeu

173 2755 219 2822 (ci.
240 2754 358 2825 Sebopeu
375 2755 406 2806 de
425 2753 487 2807 Ter.
507 2761 534 2807 et
550 2753 617 2821 Dour.
636 2772 661 2821 p.
681 2754 739 2821 25).
806 2768 819 2791 ”

141 2858 153 2911 1
174 2857 250 2925 Quod
267 2857 360 2910 scribit
377 2856 507 2909 Martialis
524 2855 569 2923 (ll,
586 2857 632 2920 ab,
651 2855 765 2924 llsqq.):

352 2924 441 2992 Turpe
459 2931 515 2986 cst,
535 2924 653 2977 difficiles
671 2926 765 2976 bebere
784 2938 866 2988 nugas

351 2994 387 3046 llt
404 2994 503 3047 stultus
521 2994 597 3044 labor
614 3002 655 3045 est
672 2994 838 3060 ineptiarum.

352 3063 457 3114 Scribat
475 3064 590 3113 earmina
607 3062 715 3112 circulis
733 3061 881 3123 Palaemon,

351 3131 392 3184 tle
412 3132 481 3183 raris
499 3133 574 3182 iuvat
591 3131 698 3181 curibus
715 3129 829 3196 plaeere.

176 3219 225 3254 non
244 3208 345 3253 certum
363 3208 403 3252 est
422 3201 454 3251 od
474 3202 541 3251 bunc
559 3215 616 3250 csso
634 3198 806 3250 referendum.
839 3195 996 3263 Quamquam
1015 3209 1080 3263 quae
1097 3208 1170 3262 prae-

175 3271 290 3336 ceduot,
316 3270 397 3321 allata
421 3272 448 3320 in
469 3271 651 3321 commentario
674 3285 701 3336 p.
721 3268 787 3332 100,
812 3267 952 3317 concinunt
970 3278 1026 3315 cum
1043 3263 1101 3315 aius
1118 3263 1171 3315 dis·

175 3341 270 3392 solutis
288 3340 403 3391 moribus
421 3345 448 3390 ct
466 3338 659 3404 grammaticum
679 3339 771 3388 decent
788 3336 904 3386 carmina
921 3350 979 3384 curu
997 3331 1170 3385 ostentatione

175 3410 282 3461 artificii
300 3414 510 3474 componentem
545 3409 607 3474 quid
631 3407 699 3475 quod
716 3405 859 3458 similitudo
877 3404 954 3455 buius
979 3401 1172 3470 epigrammatis

177 3493 236 3531 cum
254 3479 305 3539 iis,
324 3493 389 3545 quae
407 3476 514 3529 Persius
533 3484 620 3544 notat,
640 3476 701 3527 buic
718 3477 882 3527 coniecturae
901 3472 991 3525 furere
1008 3470 1138 3527 videtur.¹

142 3569 160 3618 2
177 3564 252 3630 Quae
271 3564 347 3615 bodie
365 3569 505 3629 supersunt
522 3563 619 3627 scripta
645 3560 751 3613 Remmii
776 3559 936 3613 Palaemonis
954 3558 1103 3626 plusquam
1123 3556 1168 3608 du-

174 3636 247 3685 bium
265 3634 323 3685 eius
342 3648 432 3684 nomen
451 3639 555 3696 gernot.
574 3630 612 3684 Dc
630 3631 805 3690 carminibus,
824 3643 889 3696 quae
906 3627 1038 3679 Priseieuo
1055 3625 1105 3679 lam
1119 3626 1170 3677 ⁴tri·

178 3704 314 3767 buuntur,
341 3719 366 3753 v.
392 3700 550 3753 Wernsdorl'
574 3700 669 3766 (Poett.
694 3700 766 3751 Latt.
790 3699 853 3750 nnio.
876 3698 912 3761 V,
936 3697 950 3749 1
975 3713 999 3762 p.
1026 3695 1077 3750 212
1090 3693 1169 3760 susp),

178 3773 319 3823 lludlicbsr
337 3770 432 3837 (praei.
453 3770 485 3821 ad
503 3769 630 3821 Prisciani
649 3785 728 3821 earm.
749 3786 773 3834 p.
790 3767 851 3820 XVl
864 3765 942 3834 sqq.).
963 3765 1035 3831 Quae
1052 3765 1078 3815 iu
1092 3763 1168 3815 obss.

179 3843 253 3892 misc.
273 3857 334 3893 nov·
353 3839 389 3892 lX
407 3856 433 3906 p.
452 3839 502 3892 077
526 3839 692 3891 editae.sunt
716 3837 954 3889 Differentiae
977 3845 1170 3887 sermonum

179 3910 271 3962 Remi
296 3909 517 3961 Palaemonis
541 3923 582 3960 ex
604 3908 693 3959 libro
717 3905 876 3958 Suetonii
905 3900 1169 3970 Tranquilliui,

181 3981 240 4046 qui
258 3978 474 4030 inscribitur
491 3985 638 4043 pratum,
657 3991 701 4029 eas
715 3984 806 4028 neutro
819 3975 910 4040 dignas
926 3989 984 4026 osse
1000 3971 1077 4024 facile
1095 3984 1171 4035 appa-

181 4056 232 4103 ret.
257 4048 296 4101 lle
315 4055 372 4101 arte
388 4047 572 4113 grammatico,
592 4062 659 4116 quae
676 4045 735 4099 eiua
751 4060 841 4099 namen
860 4059 921 4112 prae
939 4058 967 4096 ee
985 4041 1038 4095 lert
1053 4037 1090 4106 (p.
1105 4038 1172 4093 1305
