2596 4612
132 349 211 393 urus
452 325 820 390 PflotucottuNA.

132 498 272 563 ommino
290 494 457 582 ffngm.
486 495 534 561 Et
551 508 614 562 urm
636 499 774 582 sequitur
787 517 913 582 parvum
928 516 1074 576 carmen,
1096 515 1155 579 quo

50 644 52 648 2
132 599 329 686 exprimitur,
352 600 507 666 neminem
518 599 641 667 ludicris
661 599 798 678 artibus,
820 600 875 664 sed
898 599 1018 664 severis
1038 609 1156 671 unum

130 725 168 768 ac
196 702 346 767 diuturnis
368 703 476 769 studiis
498 704 536 768 ad
559 703 731 768 litterarum
751 721 856 767 ιιοιιιι
881 700 1066 785 pervenire·
1088 698 1156 766 Hoc

130 816 233 871 autern
253 816 377 872 constat
397 805 627 889 quatuordecim
646 823 712 870 vss·
736 804 943 882 hexametris,
970 823 1047 888 qnos
1069 822 1156 888 pram

107 932 109 939 ⁴
131 908 246 974 cedunt
265 919 335 973 octo
358 907 561 973 cbcliembici.
592 905 691 973 Vides
712 907 744 971 in
764 905 856 971 simili
876 905 1026 982 materia,
1048 905 1155 970 eadem

105 1017 107 1023 ’
127 1022 299 1076 ‘metrorum
312 1011 525 1076 coniunctione
545 1011 590 1075 uti
609 1009 787 1076 Petronium
809 1030 847 1074 ac
872 1007 1037 1085 Persium,
1065 1017 1155 1091 utque

131 1114 235 1190 addito
251 1112 360 1179 Lucilii
376 1115 518 1194 nomine,
539 1132 632 1197 quare
647 1113 719 1176 mibi
734 1113 855 1196 quidem
867 1113 900 1177 iu
915 1112 973 1177 bac
987 1130 1155 1195 quoquere

130 1213 285 1282 Lucilium
299 1229 423 1283 secutus
438 1239 508 1283 esse
523 1206 786 1283 nuetm'Perstm
804 1223 827 1278 ¹.
862 1213 1003 1298 Denique
1025 1215 1155 1279 alterum

79 1381 82 1389 .
107 1333 110 1351 ²
131 1340 250 1403 quoque
264 1318 378 1405 primae
393 1321 509 1399 satirae,
519 1320 619 1385 locum
635 1319 754 1383 nouvit
768 1318 864 1383 scbcl.
875 1314 926 1403 (l,
941 1317 1020 1396 27),
1041 1316 1096 1400 qui
1115 1332 1156 1381 ex

131 1420 252 1489 Lucilio
268 1443 433 1507 expressus
449 1424 500 1487 sit.
524 1421 712 1505 Quamquam
727 1421 821 1505 igitur
833 1420 867 1484 in
881 1420 937 1484 bac
952 1419 1049 1503 puina
1063 1417 1157 1483 sat'mu

130 1523 163 1585 in
178 1521 300 1588 Lucilio
315 1525 459 1588 imitando
475 1522 607 1589 studium
622 1524 760 1609 posuisse
775 1521 916 1600 videtur,
934 1557 977 1570 -
992 1532 1025 1587 et
1038 1521 1156 1587 videbi·

45 1686 48 1695 .
131 1647 197 1690 mus
212 1626 312 1704 inire,
336 1628 469 1691 omnium
483 1628 616 1692 maxima
632 1648 697 1692 eam
713 1626 752 1690 ad
769 1623 960 1690 Lucilianum
976 1625 1155 1689 charactera

130 1729 301 1808 accedere,
316 1766 360 1776 -
379 1741 480 1794 nmen
501 1729 534 1793 in
556 1729 734 1794 universum
753 1728 902 1792 statuenti
915 1736 1063 1792 summan
1076 1726 1157 1791 inter

130 1841 290 1914 utrumque
315 1831 525 1896 diversitatem
550 1830 746 1897 intercedere
766 1840 910 1914 appareat
937 1849 1067 1894 necesse
1096 1839 1156 1906 est,

131 1943 164 1997 ct
176 1930 305 1999 Persius
318 1934 361 1999 ita
375 1933 563 2018 potissimum
579 1955 649 1998 eum
668 1945 789 1999 secutus
806 1955 877 1998 esse
890 1933 1030 2012 videtur,
1053 1943 1089 1997 nt
1108 1932 1155 1996 iu-

131 2058 230 2122 genuc
255 2036 321 2102 eius
339 2036 461 2102 virtutis
488 2058 591 2102 amore
613 2047 646 2102 et
672 2058 748 2122 erge
774 2037 870 2100 malos
898 2037 1013 2100 infesto
1041 2037 1153 2112 anim,

131 2158 206 2222 quos
228 2160 343 2205 summa
366 2161 434 2205 cum
456 2140 599 2205 libertate
619 2141 808 2224 castigabat,
837 2139 886 2203 cui
908 2149 1071 2223 cognatum
1092 2128 1155 2202 uoi-

131 2263 211 2304 mum
233 2263 321 2306 snum
343 2242 513 2322 sentiebat,
537 2242 576 2307 ad
597 2243 707 2308 satiras
736 2243 965 2308 incenderetur.
1008 2240 1053 2305 Ar
1079 2242 1155 2306 tem

107 2354 110 2360 '
130 2339 268 2406 Lucilius
290 2344 361 2408 inde
375 2366 394 2407 a
407 2345 566 2409 iuventute
581 2344 612 2409 in
626 2344 699 2410 bebi
714 2347 857 2431 pacisque
878 2344 1010 2430 negotiis
1032 2343 1155 2409 multum

130 2455 292 2523 versutus,
315 2447 439 2511 summis
454 2447 637 2532 reipublicae
653 2431 779 2513 ducibus
797 2450 930 2526 amicus,
953 2449 992 2512 iis
1013 2445 1156 2532 tempori·
1176 2451 1178 2455 ’

131 2545 187 2611 bus
209 2547 301 2613 vitam
325 2549 454 2632 agebat,
479 2571 554 2633 quae
580 2571 757 2634 quamquam
781 2551 916 2616 moribus
931 2550 990 2614 iam
1006 2545 1162 2632 corruptis

133 2649 253 2715 dubium
269 2651 455 2730 excitarunt,
475 2672 515 2716 au
529 2652 603 2716 urbs
616 2650 717 2717 Rome
732 2665 859 2718 aeterua
874 2654 976 2717 future
992 2663 1088 2728 essct,
1112 2658 1154 2714 tu·

131 2774 204 2817 men
225 2753 350 2818 liberem
372 2753 518 2820 videbunt
539 2755 752 2840 rempublicam
781 2767 813 2819 et
838 2757 1016 2840 vigentem,
1049 2762 1155 2818 contra

131 2852 259 2920 Persius
287 2855 410 2920 scbclae
438 2857 471 2919 in
494 2858 598 2922 umbra
621 2859 770 2936 nutritus,
794 2879 811 2922 a
840 2858 996 2944 republica
1023 2858 1153 2934 alienus,

132 2978 220 3043 quam
244 2979 419 3043 oppressam
442 2962 518 3025 vidit
540 2962 632 3046 longa
653 2961 713 3025 iem
736 2972 934 3049 tyrannorum
957 2960 1058 3039 serie,
1090 2976 1155 3024 cum

132 3061 253 3145 optimis
275 3056 350 3127 viris
371 3062 404 3126 in
426 3065 542 3128 stoicae
564 3064 770 3150 pbilcscpbiac
785 3065 884 3149 adytis
899 3063 1048 3146 refugium
1065 3082 1157 3146 qnae·

103 3259 105 3266 ⁴
132 3265 243 3350 ciplina
265 3287 376 3331 severa
399 3269 485 3333 triste
509 3290 526 3332 a
549 3268 661 3334 Lucilii
684 3266 850 3335 festivitate
871 3266 1051 3351 iucundique
1066 3266 1158 3330 liber·

104 3454 105 3459 γ
131 3377 213 3444 tate,
247 3388 335 3451 quam
356 3368 387 3431 in
410 3390 448 3433 eo
471 3370 596 3434 laudant
619 3373 735 3456 antiqui
765 3375 822 3455 (cl.
845 3370 1013 3436 Heusdium
1035 3369 1059 3433 l.
1083 3369 1103 3432 l.
1125 3391 1155 3453 p.

132 3467 174 3536 85
189 3468 286 3555 sqq).
316 3467 422 3555 Itaque
437 3492 538 3536 sermo
553 3473 663 3552 buius,
688 3474 739 3560 qui
753 3474 835 3539 facili
849 3473 974 3560 ingenio
987 3469 1157 3558 promptus,

103 3685 104 3688 ’
166 3674 313 3735 novemur,
338 3675 466 3724 eidemin
480 3677 551 3740 isto,
570 3680 657 3729 utam
679 3677 817 3740 Lucilius,
843 3676 949 3727 schedio
974 3679 1002 3725 ct
1017 3671 1161 3725 &condito

167 3743 347 3806 caperemini,
365 3757 401 3793 on
419 3743 488 3794 idem
506 3749 559 3796 sim
577 3750 751 3813 repentinus,
771 3749 820 3810 qui
829 3748 1023 3812 praeparatus.
1062 3740 1160 3792 Lucilii

168 3810 249 3860 verba
271 3810 393 3861 babuisse
415 3812 521 3864 videtur
545 3813 616 3866 Fest.
636 3830 658 3866 s.
679 3831 706 3866 v.
725 3814 866 3879 schediae,
890 3814 964 3864 cuius
982 3811 1063 3863 verbu
1082 3810 1160 3862 nimis

167 3879 255 3930 lacera
272 3886 347 3943 suut,
366 3895 442 3946 quum
459 3890 489 3933 ut
506 3888 578 3935 certo
595 3883 699 3948 agnosci
717 3891 823 3949 queunt.

135 3965 208 4018 lCi.
234 3965 265 4017 de
288 3965 403 4018 Petronii
427 3967 484 4021 loco
508 3985 558 4022 van
583 3968 684 4022 lleusde
708 3968 740 4035 (l.
760 3969 779 4020 1.
798 3985 823 4037 p.
843 3969 891 4022 311
906 3967 972 4034 sq),
1005 3967 1050 4034 qui
1075 3964 1161 4018 Persii

167 4049 216 4085 uon
233 4045 329 4086 membr
345 4035 404 4087 luit.
554 4076 557 4081 .
1128 4093 1130 4097 ,
