2596 4612
131 348 211 390 ssu
453 283 819 403 rnouneouauaz

131 506 348 573 exercentem,
371 495 546 580 toga'virili
566 506 665 559 sumta
686 492 817 587 ecomsit
836 487 990 573 Persius,
1012 503 1046 557 nt
1070 501 1138 557 tanto

130 601 197 667 cius
217 620 321 666 emore
343 608 447 683 captus
469 609 536 676 est,
559 610 593 663 ut
614 602 767 683 nunquam
787 594 826 660 alt
848 600 887 659 'eo
907 591 1141 675 diseederet,et
1187 612 1192 663 t

128 723 236 769 verum
259 724 326 767 cum
350 723 388 766 eo
411 701 642 766 contubernium
664 709 783 782 ageret.
811 696 925 781 Neque
948 697 1011 763 hoo
1030 698 1139 764 iuna

130 807 241 869 lactu·
258 817 323 883 est,
347 815 382 870 ut
396 802 603 868 Romanorum
623 802 740 866 nobiles
754 802 884 868 iuvenes
900 798 1065 867 doctorum
1075 800 1141 867 siro·

129 928 197 971 rem
227 908 389 971 amicitiam
411 919 444 973 et
466 905 718 973 consuetudinem
743 914 947 989 quaererent,
973 924 1032 971 eoa
1052 902 1141 969 ιιι-Ιο-

130 1030 210 1073 mum
232 1010 428 1093 reciperent,
457 1030 560 1075 secum
590 1008 756 1085 ducerent,
780 1017 873 1071 totam
899 1006 1042 1091 deniqne
1064 1004 1142 1071 viu·

131 1131 198 1175 cum
219 1111 257 1175 iis
278 1114 464 1195 partirentur
484 1114 531 1193 (v.
549 1108 639 1175 Suet.
662 1104 790 1193 gramm.
806 1107 840 1173 7.
861 1106 960 1173 rhett.
977 1104 1012 1171 6.
1044 1102 1142 1181 Lete.

132 1211 170 1275 de
194 1212 292 1277 Arist.
316 1215 397 1278 stud.
423 1212 513 1277 llom.
535 1234 565 1298 p.
584 1211 625 1276 16
640 1213 715 1299 sq.).
744 1210 871 1277 Persius
886 1210 1003 1275 umoris
1019 1209 1068 1276 ani
1085 1230 1144 1295 erp

130 1316 308 1401 magistrum
335 1327 563 1381 monumentum
590 1326 715 1379 exstare
737 1315 834 1381 voluit
854 1314 982 1381 satiram
1011 1311 1143 1396 quinus,

131 1417 161 1481 in
178 1440 237 1501 qua
257 1440 344 1502 quam
367 1420 498 1484 sollicita
519 1439 592 1483 cura
615 1415 772 1483 Cornutus
793 1418 927 1481 animum
950 1425 1145 1499 etquenam

131 1520 338 1606 philosophiae
355 1522 526 1607 praeceptis
542 1523 707 1601 excolere,
729 1520 886 1606 ingenium
907 1528 1057 1585 accurata
1072 1518 1146 1587 nia

132 1642 190 1707 pue
206 1623 365 1710 disciplina
380 1624 502 1688 erudire
519 1636 608 1711 atque
625 1624 777 1710 castigare
796 1620 969 1700 studuerit,
993 1630 1084 1706 grato
1097 1616 1146 1705 pit·

132 1746 191 1809 que
213 1727 314 1790 animo
336 1725 534 1808 recordatur,
559 1739 590 1793 et
612 1740 722 1812 quauta
746 1728 785 1791 sit
806 1726 887 1790 inter
907 1735 1074 1809 utrumqne
1088 1740 1147 1801 enp-

132 1829 255 1909 cordia,
279 1841 391 1912 quanto
413 1850 448 1894 se
471 1818 692 1914 amplectantur
719 1849 823 1893 amore
852 1826 980 1911 egregie
1011 1824 1145 1911 depingit

131 1930 234 2021 Atque
256 1932 343 1997 huius
368 1933 504 1999 caritatis
531 1934 665 1997 moriens
691 1928 896 1996 testimouium
924 1928 1070 2012 reliquit,
1093 1924 1148 1997 dt!

130 2055 187 2118 per
207 2036 363 2101 codicillos
386 2038 424 2101 ad
445 2048 571 2101 matrem
596 2036 681 2099 datos
705 2031 843 2098 Cornuto
864 2050 985 2095 omnem
1000 2029 1148 2096 ltiltliotlte·

132 2159 198 2201 cam
214 2149 246 2202 ct
259 2141 419 2222 pecuniam
434 2142 513 2206 haud
529 2161 653 2227 parvam
668 2138 867 2219 relinqueret.
893 2130 1009 2216 Neque
1024 2132 1079 2199 ille
1091 2136 1108 2198 a
1120 2150 1147 2196 so

133 2239 352 2322 degenerauit,
377 2264 446 2305 nam
467 2244 561 2307 libros
584 2243 703 2325 quidem
724 2238 859 2322 recepit,
883 2236 1047 2322 pecuniam
1061 2246 1148 2300 auten

132 2361 166 2405 se
181 2351 376 2423 accepturum
391 2345 516 2427 negavit
537 2353 560 2407 ¹.
592 2341 732 2425 Denique
755 2361 790 2404 ea
806 2362 841 2405 re
856 2348 991 2403 amorem
1008 2360 1085 2425 erga
1099 2336 1149 2417 dis·

134 2443 262 2528 cipulum
291 2453 422 2508 testatus
454 2455 519 2521 est,
546 2445 624 2528 quod
655 2465 717 2506 uon
748 2444 844 2506 solum
868 2442 1031 2506 satirarum
1055 2442 1150 2507 lilrnn

133 2556 294 2628 antequam
330 2546 475 2612 ederetur
502 2547 699 2621 retractavit,
735 2546 790 2610 sed
819 2545 908 2610 matri
938 2542 1032 2608 etiam
1061 2540 1150 2609 consi-

132 2646 205 2710 lium
222 2647 307 2711 dedit
328 2649 427 2712 omnia
453 2668 507 2728 ea,
533 2670 608 2732 quae
624 2648 751 2713 Persius
767 2648 895 2733 puerilia
910 2658 999 2730 atque
1017 2643 1152 2717 iuvenilia

133 2751 319 2836 scripserat,
353 2752 486 2816 delendi.
525 2749 704 2835 Quaeres,
728 2752 853 2834 siquae
876 2749 955 2827 alia,
980 2750 1153 2815 solariumst

134 2873 276 2918 severum
290 2854 432 2919 iudicium
449 2855 655 2934 demonstret,
680 2876 739 2937 quo
760 2851 862 2917 Persii
877 2852 976 2918 studia
991 2853 1113 2918 rexisse
1126 2857 1154 2913 et

133 2956 311 3023 aestimasse
334 2958 472 3040 videtur,
497 2969 638 3042 quantam
659 2979 735 3022 veru
761 2958 822 3021 vim
838 2954 943 3020 Stoica
958 2951 1153 3041 philosophia,

134 3083 191 3144 qna
208 3083 275 3126 eum
291 3062 416 3142 imbuit,
439 3063 472 3126 in
485 3059 587 3127 Persii
602 3061 734 3125 animum
749 3071 838 3144 atquo
857 3068 997 3142 poemata
1012 3074 1156 3122 exercue-

133 3164 190 3242 rit,
214 3166 266 3228 vel
286 3166 397 3229 leviter
419 3164 604 3229 intuentibus
629 3175 730 3247 patet,
761 3185 826 3227 cum
849 3183 910 3225 uon
934 3160 1025 3225 modo
1047 3158 1156 3225 satirae

134 3265 200 3327 eius
215 3266 376 3328 maximam
391 3266 554 3348 partemin
572 3286 609 3327 eo
630 3275 811 3340 versentur,
835 3274 868 3324 ut
889 3261 996 3328 Stoica
1020 3265 1159 3348 dogmata

135 3367 309 3449 explicent,
338 3384 446 3432 verum
475 3366 566 3429 etiam
588 3375 653 3429 tota
677 3366 742 3430 eius
767 3362 948 3429 aestimandi
971 3376 1064 3449 atque
1087 3362 1161 3453 sori-

169 3554 244 3606 modo
261 3555 401 3622 impostura
418 3556 596 3608 confutabitur
614 3564 719 3624 aperte,
746 3556 791 3607 sed
810 3554 861 3607 alia
879 3569 977 3623 quoqne
995 3555 1066 3604 coitu
1086 3554 1164 3619 digna

169 3625 261 3675 melius
281 3633 478 3688 cognoscentur.
503 3626 555 3677 lloc
573 3644 619 3692 epo
637 3628 668 3678 de
686 3627 837 3694 quibasdam
857 3623 1028 3691 probabiliter
1044 3623 1165 3675 doonltse

171 3692 233 3744 niti
252 3694 355 3758 videor,
381 3702 461 3746 toturn
485 3704 515 3746 ut
533 3697 649 3763 perllcint
665 3697 771 3748 fortuna
790 3695 944 3756 adiuvante,
964 3693 1006 3758 qni
1026 3693 1094 3753 hane
1113 3708 1167 3744 ren

170 3764 254 3814 denuo
273 3764 346 3815 noris
364 3765 436 3815 codd.
457 3766 582 3818 subsidiis
599 3782 627 3817 se
652 3772 824 3818 tractaturum
849 3762 982 3830 promisit,
1008 3760 1165 3825 Lerschins,

171 3831 210 3897 (ν.
229 3832 285 3883 eius
303 3831 494 3901 Spraclrplailos.
514 3836 560 3886 der
576 3836 651 3887 Alten
670 3841 690 3886 t.
708 3834 741 3887 lll
760 3852 783 3902 p.
806 3834 866 3898 tot)
884 3837 985 3898 exopto.

137 3902 235 3958 lcum
253 3902 280 3953 in
303 3902 358 3953 vita
382 3902 482 3968 locam,
509 3905 553 3957 nbi
577 3906 625 3956 lroc
652 3912 789 3965 narratur,
814 3901 887 3953 uncis
909 3899 1165 3964 circumscribet-em,

171 3971 286 4041 nolebam
296 3972 400 4024 tatium
410 3975 554 4042 exprimere
562 3976 594 4026 de
606 3972 763 4026 narrationis
775 3972 834 4036 tide,
854 3970 899 4023 scd
907 3969 1060 4035 exprimere,
1079 3968 1165 4023 verbe

169 4041 282 4106 munina
301 4056 350 4095 non
369 4057 442 4111 posse
461 4044 574 4096 restitui.
