2596 4612
117 360 200 459 44,ιιι
476 336 837 404 rnonnocsoua

229 504 662 596 Verginius-Flavus1
694 509 795 597 (cuins
824 509 919 578 vitam
946 503 1116 575 Suetonius
1137 508 1172 573 in

142 614 221 682 lihro
242 614 279 681 de
300 615 346 679 ill.
368 614 464 680 rhett.
486 613 604 680 decimo
624 613 712 693 loco,
740 624 777 679 ut
794 624 885 679 vetos
907 611 1005 681 index
1024 619 1171 690 testatur,

142 717 297 800 narravit)
329 736 396 782 eam
422 713 569 782 Musonio
591 715 674 780 Rufo
703 715 742 779 oh
766 715 980 781 claritudinem
1002 714 1171 779 nominisa

140 817 311 886 Neronein
321 820 445 885 axilium
454 820 624 904 pulensest,
642 817 821 885 eumatudia
834 818 978 884 iuvenum
993 817 1172 900 eloquenda

141 924 264 988 foveret
279 922 374 1005 (Tac.
396 924 483 987 Aon.
505 920 582 999 XV,
605 918 675 1005 71).
721 919 853 1005 Scripsit
873 932 970 986 artem
984 919 1171 986 rhetoricam

141 1036 222 1091 teste
241 1023 429 1108 Quintiliano
451 1022 675 1112 (111‚1‚21)‚.
697 1024 748 1108 qui
769 1043 916 1088 summam
939 1023 1005 1088 eins
1029 1023 1110 1109 apud
1134 1020 1173 1087 se

142 1130 357 1194 auctoritatem
380 1149 449 1194 esse
464 1125 545 1192 dicit
564 1124 654 1210 (VII,
677 1126 711 1205 4,
727 1124 785 1208 40)
816 1146 916 1209 neque
937 1147 1011 1190 raro
1038 1127 1077 1193 ad
1100 1144 1171 1191 enm

140 1231 269 1317 respicit
281 1228 356 1317 (ΙΙΙ,
372 1230 405 1310 6,
421 1229 477 1296 45.
492 1227 552 1310 IV,
571 1228 602 1308 1,
618 1227 673 1296 23.
691 1224 814 1308 v11‚4,
830 1226 885 1292 24.
901 1223 963 1306 XI,
979 1227 1013 1307 3,
1031 1226 1120 1310 126).

225 1332 284 1399 His
297 1334 392 1420 igitur
406 1333 583 1400 clarissimis
599 1344 670 1397 tunc
685 1331 830 1416 temporis
847 1331 1097 1416 praeceptoribus
1113 1350 1171 1417 per

140 1435 255 1519 aliquot
274 1457 373 1501 annos
393 1434 521 1500 Persius
537 1455 609 1500 usus
625 1445 658 1500 et
678 1457 736 1510 ee,
752 1455 829 1518 quae
845 1445 919 1500 tune
935 1435 1070 1518 vuiguris
1087 1444 1169 1512 eret,

139 1537 262 1602 ratione
284 1537 321 1602 ah
343 1538 382 1602 iis
400 1538 568 1602 instructos
592 1547 652 1602 est.
697 1535 784 1620 Quae
809 1536 958 1601 institutio
988 1557 1170 1620 quamquem

140 1660 205 1704 non
220 1640 350 1705 dubitari
366 1650 467 1724 potest
480 1639 552 1724 quin
566 1640 605 1705 ad
620 1640 777 1726 ingenium
792 1639 858 1704 eius
874 1638 1077 1704 excolendum
1092 1639 1171 1703 mul·

139 1753 203 1807 tum
219 1741 402 1822 contulerit,
424 1742 517 1807 multo
540 1741 607 1829 pius
622 1755 725 1808 tamen
740 1742 929 1807 auctoritatis
944 1743 976 1806 in
992 1761 1061 1806 eum
1075 1761 1172 1806 exer-

140 1845 204 1910 cuit
227 1843 450 1921 Cornutus,
473 1846 710 1931 quamprimum
733 1846 851 1928 quidem
880 1845 1005 1929 petiisse
1028 1845 1166 1923 videtur,

139 1958 174 2011 nt
187 1947 401 2032 philosophicis
416 1947 525 2011 studiis
539 1948 727 2013 imbueretur
747 1947 795 2028 (nt
812 1943 931 2011 Plinius
946 1965 1063 2030 qunque
1077 1968 1171 2032 praev

139 2059 188 2112 ter
209 2051 366 2116 rhetorem
391 2048 482 2115 etiam
511 2048 719 2136 philosophum
747 2049 925 2133 magistrum
951 2048 1073 2126 hahuit,
1096 2069 1169 2134 epp.

139 2149 198 2231 VI,
213 2150 268 2233 6),
298 2175 373 2217 mox
393 2164 456 2218 tam
477 2153 656 2219 arctissimis
677 2151 791 2216 amoris
810 2162 842 2214 et
862 2150 1013 2216 amicitiae
1036 2152 1169 2216 vineolis

140 2273 207 2318 cum
223 2274 259 2317 eo
276 2257 457 2319 coniunctus
473 2267 539 2332 est,
563 2267 597 2320 ut
620 2276 774 2338 nunqnam
794 2253 833 2318 ah
856 2275 893 2319 eo
910 2255 1086 2320 decederet.
1117 2252 1169 2320 De

138 2354 226 2419 huius
246 2355 306 2420 viri
326 2355 460 2420 moribus
480 2369 570 2441 atque
584 2357 713 2420 studiis
723 2357 777 2420 hie
798 2357 899 2441 penho
914 2357 1089 2422 accuratius
1104 2356 1169 2422 dis·

139 2458 317 2548 quirendum
340 2469 406 2537 est,
431 2479 498 2523 oum
520 2459 659 2543 quiequid
686 2460 723 2524 de
748 2479 784 2521 eo
804 2458 996 2523 statuendum
1012 2460 1052 2524 sit
1067 2461 1106 2523 ed
1120 2459 1169 2522 iu·

138 2559 248 2625 dicium
265 2562 302 2626 de
317 2557 428 2625 Persio
444 2561 602 2626 serendum
618 2563 696 2628 haud
711 2563 799 2649 parvi
813 2562 960 2626 momenti
974 2562 1015 2629 sit
1032 2569 1056 2624 2.

221 2659 327 2730 Pauca
341 2676 433 2745 sunt,
456 2684 532 2750 quae
548 2666 585 2731 de
601 2663 642 2731 L.
658 2667 825 2730 Annaeo
842 2662 1021 2729 Cornuto
1039 2666 1051 2706 ³
1075 2662 1167 2728 nohis

136 2766 249 2831 tradito
270 2778 352 2831 sunt.
385 2765 462 2832 Cum
486 2788 524 2832 ea
548 2768 705 2854 deperdito
728 2788 798 2834 esse
820 2767 1003 2844 videantur,
1027 2786 1104 2849 quae
1127 2767 1168 2830 de

137 2866 276 2935 Cornuto
300 2870 368 2933 oiim
389 2870 527 2936 narravit
548 2868 706 2956 Diogenes
721 2869 884 2950 Laertius,
914 2870 940 2935 si
954 2870 1030 2934 fides
1046 2867 1167 2934 Salma-

135 2971 182 3037 eio
199 2979 230 3053 ⁴,
262 2973 399 3038 conteuti
421 2993 491 3039 ease
514 2974 651 3059 cogimur
675 2975 812 3060 pauculis
835 2975 917 3048 iltis,
947 2994 1025 3057 quae
1052 2970 1165 3038 Suidas

170 3162 226 3265 epp
244 3146 288 3211 Ρ.)
311 3149 460 3217 accuratius
483 3164 511 3201 se
529 3147 708 3216 quaesiturum
726 3163 783 3200 essa
806 3163 888 3215 nuper
905 3145 1025 3214 promisit
1043 3145 1165 3198 Osaooos

135 3215 348 3416 Ιὲΐξζίξιῖεὲοε
368 3218 520 3354 ἷῗῖθὲφιζᾳ.
552 3283 752 3348 Westermann,
782 3284 877 3338 Gaach.
904 3285 928 3337 d.
954 3283 1027 3338 Rem.
1054 3285 1162 3338 Bereds.

132 3421 151 3477 2
168 3419 263 3472 Exstat
281 3420 353 3472 Ger.
373 3420 414 3472 io.
435 3421 472 3472 de
488 3420 631 3474 Martini
652 3424 794 3492 disputatio
811 3423 943 3476 litteraria
961 3425 992 3475 de
1009 3423 1041 3475 h.
1056 3424 1162 3476 Annaeo

168 3489 283 3540 Cornuto
301 3490 448 3557 philosopho
466 3491 828 3558 stoico(Lugd.Bat.1825)‚
849 3494 925 3544 docta
943 3501 1019 3560 atque
1037 3494 1159 3558 diligens.

166 3557 221 3623 ligo
240 3560 358 3609 nunciis
376 3566 477 3610 tantum
494 3567 569 3621 ntor,
585 3578 650 3628 qnae
668 3564 727 3615 inde
745 3564 879 3630 excerpsi,
898 3577 955 3613 oum
974 3563 1162 3628 Heidelbergae

167 3641 193 3678 a.
215 3626 281 3679 1837
306 3643 399 3694 paucos
424 3629 480 3680 dies
505 3633 672 3684 commoranti
698 3633 882 3684 humanissime
900 3633 958 3683 eius
977 3647 1053 3683 nsum
1071 3648 1161 3683 eonce-

167 3697 240 3747 derct
258 3697 322 3746 mihi
334 3697 492 3749 Cocuzerus.
1031 3740 1033 3744 .

131 3763 321 3817 3Proenomen
349 3766 432 3817 Lucii
454 3766 536 3818 fuisse
560 3767 674 3820 Cornuto
698 3777 849 3822 statuerunt
873 3785 906 3821 ex
929 3769 979 3820 fide
1005 3768 1122 3822 Charisii
1147 3768 1161 3821 1

165 3851 191 3902 p.
215 3835 265 3890 tot
283 3833 330 3897 P.‚
355 3835 400 3887 ubi
425 3833 456 3886 n.
476 3835 636 3890 Annaeus
660 3839 837 3891 Cornutus
860 3839 998 3904 laudatur3
1023 3841 1076 3891 alio
1100 3839 1158 3889 loeo

166 3903 202 3970 (ΙΙ
219 3920 244 3970 p.
266 3903 327 3970 tat)
360 3904 416 3955 eod.
447 3905 527 3970 dogit:
554 3912 719 3960 uttannaeuo
750 3909 888 3961 emotus
913 3907 983 3975 (loeo
1007 3909 1156 3974 ceteroquin

164 3972 315 4039 corrupto),
334 3973 379 4024 nbi
397 3973 473 4026 facile
493 3980 507 4025 t
522 3990 567 4042 pro
585 3977 597 4027 ἱ
613 3979 671 4045 poni
689 3979 781 4045 potuit.

130 4039 307 4096 tenuastis
330 4041 452 4106 (haereo
478 4042 555 4099 Ptine
572 4061 596 4112 p.
614 4047 730 4115 etseq.)
759 4054 892 4115 postquam
916 4045 1008 4101 attolit
1029 4045 1154 4117 Stephani
