2618 4620
91 482 197 565 accepi
214 502 232 544 a
248 477 286 544 C.
303 477 343 544 Β.
361 477 560 558 Heinrichio‚
584 501 677 556 mox,
701 489 736 544 ut
750 497 858 565 spero,
883 479 1029 544 etlenrlas.
1060 479 1123 546 Eos

91 623 161 665 eum
184 601 255 664 mihi
280 621 386 664 mense
411 597 586 684 Septembri
606 600 680 663 anni
701 599 857 684 praeteriti
886 601 1041 677 traderet,
1073 601 1124 663 uli

90 721 328 784 commentarius
359 740 442 784 meus
473 731 682 804 praeterquam
712 719 744 782 in
774 730 893 782 sextam
917 720 1040 782 satiram
1063 720 1122 783 iam

91 841 174 925 typis
190 840 347 903 mandatus
363 841 437 916 fuit,
465 840 603 923 seposui‚
632 860 690 902 nec
711 839 802 902 ullum
825 858 927 903 earum
950 860 1035 902 usum
1052 841 1123 915 leci,

93 961 154 1022 nisi
171 961 247 1041 qootl
264 961 332 1022 cod.
351 958 482 1022 Romani
498 959 660 1022 collatione
674 959 705 1020 in
719 959 943 1042 prolegomenis
960 980 1031 1022 usus
1048 980 1123 1023 sum

91 1076 159 1142 Sub
182 1081 270 1140 finem
291 1090 392 1142 autem
414 1079 489 1142 anni
511 1078 670 1162 praeteriti
697 1080 800 1163 accepi
828 1076 866 1141 C.
891 1076 929 1140 F.
956 1076 1125 1140 Hermanni

91 1198 243 1261 lectiones
273 1194 440 1261 Persianas
468 1198 507 1261 alt
536 1209 662 1261 auctore
692 1197 773 1261 milti
796 1199 875 1259 dono
906 1197 1034 1274 missas,
1065 1217 1124 1279 quo

94 1328 232 1400 tempore
256 1327 378 1400 praeter
403 1328 522 1380 textum
552 1327 584 1380 et
613 1316 863 1380 commentarium
894 1317 982 1379 etiam
1011 1315 1125 1379 scholia

93 1437 243 1520 impressa
264 1448 372 1515 erant,
404 1447 435 1499 et
456 1437 696 1521 prolegomenon
720 1436 814 1519 prima
845 1455 914 1519 pars
944 1435 1122 1519 perscripta.

93 1553 201 1638 ltaque
224 1577 281 1619 nec
303 1576 355 1619 eas
375 1557 482 1640 legere
504 1556 606 1632 volui,
630 1557 683 1618 sed
708 1575 799 1638 opus,
825 1575 920 1638 paene
942 1555 1122 1630 absolutum,

93 1684 128 1737 ut
143 1674 336 1758 inceperam,
360 1675 494 1761 perfeci,
521 1684 552 1736 et
568 1695 647 1737 rinno
663 1675 782 1736 tandem
799 1676 837 1736 ad
854 1676 919 1737 eius
935 1673 1003 1737 libri
1020 1675 1125 1736 lectio-

93 1812 163 1855 nem
180 1770 342 1857 accedam.
375 1792 563 1876 Quamquam
587 1794 667 1856 enim
683 1794 792 1857 vellem
810 1804 842 1855 ut
858 1815 912 1856 suo
930 1806 1064 1877 tempore
1082 1793 1126 1856 uti

92 1912 132 1976 iis
149 1913 333 1998 potuissem,
355 1935 430 1996 quae
446 1915 495 1977 vir
512 1913 702 1977 doctissimus
720 1924 938 1976 commentatus
955 1923 1019 1991 est,
1045 1933 1125 1975 nunc

92 2032 202 2094 melius
234 2033 328 2111 duxi,
359 2052 495 2096 meorum
525 2034 692 2095 studiorum
723 2043 903 2116 proventum
932 2052 1055 2113 prorsus
1079 2033 1125 2094 in·

92 2162 207 2213 tactum
224 2172 364 2214 servare.
399 2148 462 2214 lam
484 2173 549 2213 cum
566 2152 660 2213 multa
675 2151 742 2214 sinc
759 2151 847 2212 dubio
864 2150 901 2213 ab
918 2171 955 2213 eo
972 2150 1125 2234 proposita

93 2270 176 2345 sint,
201 2290 277 2352 quae
301 2270 379 2355 apud
401 2293 448 2334 me
474 2287 591 2353 quoque
613 2270 774 2353 leguntur,
799 2291 861 2347 non
886 2289 965 2354 nego
989 2270 1124 2354 gaudere

92 2408 161 2465 me,
194 2389 273 2471 quod
302 2389 344 2451 ita
376 2400 514 2467 constet,
546 2412 564 2452 a
592 2411 640 2453 me
671 2410 788 2472 qnoque
819 2409 855 2452 ea
885 2390 1011 2452 inventa
1041 2409 1122 2452 esse.

92 2506 206 2571 Restat
228 2508 378 2590 denique,
409 2520 443 2571 ut
464 2487 500 2571 tle
525 2510 745 2592 prolegomenis
770 2508 873 2593 paucis
897 2528 1047 2570 moneam.
1086 2505 1122 2569 In

94 2626 202 2710 quibus
224 2628 323 2710 paullo
346 2628 435 2690 latius
459 2630 645 2710 evagandum
670 2629 744 2703 luit,
776 2638 809 2689 ut
838 2627 938 2689 omnia
962 2648 1120 2710 compone·

92 2757 221 2822 rentur,
245 2767 321 2829 quae
346 2748 383 2808 ad
405 2748 594 2810 formandum
618 2749 654 2809 de
670 2745 771 2811 Persii
787 2747 910 2829 ingenio
927 2758 958 2810 et
974 2758 1060 2825 arte,
1087 2749 1123 2812 de

94 2865 160 2928 eius
183 2864 277 2927 satira
300 2887 368 2928 cum
391 2867 500 2930 ceteris
525 2867 657 2930 satiricis
680 2877 851 2950 comparata
876 2866 1017 2929 indicium
1041 2868 1123 2930 face·

93 2995 175 3046 rent.
213 2979 261 3045 De
290 2984 464 3066 quibusdam
495 2986 667 3048 accuratius
695 2986 900 3067 quaerendum
922 2985 1014 3058 duxi,
1046 3005 1123 3066 quae

95 3101 226 3165 nondum
247 3102 289 3165 ita
310 3105 450 3187 exposita
478 3104 601 3180 inveni,
627 3115 660 3166 ut
684 3103 822 3166 breviter
850 3104 887 3164 de
915 3102 1120 3186 gravioribus,

93 3242 170 3303 quae
188 3221 318 3284 maxime
335 3225 372 3285 ad
394 3244 457 3286 rem
480 3224 690 3308 pertinerent,
707 3222 816 3286 referri
832 3224 975 3306 potuerit.
1009 3221 1122 3305 Quam·

93 3362 181 3422 quam
204 3341 255 3404 vel
276 3341 320 3404 sic
343 3343 467 3405 multum
492 3343 598 3421 abest,
622 3354 655 3405 ut
678 3342 779 3405 omnia
802 3342 952 3406 exhausta
973 3343 1024 3406 vel
1048 3343 1122 3405 satis

92 3460 245 3524 subtiliter
265 3472 296 3524 et
317 3462 406 3546 plene
429 3437 560 3525 tractam
584 3434 658 3525 esse
688 3471 807 3545 putem:
840 3462 965 3524 sufficiet
993 3460 1065 3525 mihi
1095 3461 1120 3526 si

92 3579 291 3664 gravissimas
320 3601 372 3643 res
402 3580 504 3643 atdten
507 3581 568 3644 isse
599 3602 657 3644 nec
686 3580 884 3664 indiligenter
912 3582 1121 3663 quaestionem

93 3699 226 3762 movisse
331 3699 362 3762 vi
365 3699 469 3762 dabor.
507 3696 567 3778 Iis,
592 3720 668 3781 quae
686 3701 722 3762 de
740 3697 925 3763 Cornutoet
939 3698 1042 3763 Probo
1060 3700 1120 3763 dis-

92 3817 197 3896 serui,
224 3818 306 3881 nond
378 3839 443 3883 rem
465 3829 618 3902 peractam
642 3838 710 3881 csse
739 3820 858 3896 fateor,
890 3840 995 3882 verum
1024 3819 1055 3880 in
1085 3838 1120 3881 re

93 3936 295 4075 obscuram
287 3937 429 4002 intricata
445 3938 517 4000 nulli
533 3958 642 4021 operae
666 3938 846 4021 parcendum
872 3936 1064 4012 existimavi,
1088 3947 1121 3999 ut
