2596 4612
131 362 174 437 ex
278 372 281 379 -
456 340 824 404 rut-onnoonnun.

130 521 163 576 et
176 520 286 581 exorte
300 529 409 596 aspera
425 492 571 596 quaeum
584 512 804 597 inaequalitas,
828 532 904 596 quae
927 531 1015 596 qnam
1035 513 1155 578 alienae

129 608 434 679 arboriVenusinae
455 613 564 681 insitae
588 616 649 680 sint
663 617 768 701 fruges
778 615 857 679 'satis
873 614 1020 681 declarat.
1053 604 1156 700 Atque

129 712 188 782 bac
209 717 243 779 in
264 737 299 781 re
321 725 527 801 paupertatem
549 719 698 801 quandam
713 718 830 808 ipgenii
845 729 877 782 et
891 717 1077 797 iuvenilem,
1101 738 1157 783 ex·

130 818 281 904 perientia
297 830 329 884 et
343 841 401 884 usu
416 821 549 884 nondum
565 821 611 885 sui
628 831 795 904 compotem
803 822 926 898 iactum,
944 814 1077 884 animum
1093 821 1158 911 eins

132 942 195 984 non
216 940 375 1005 possumus
393 924 469 1008 'quin
491 942 711 1008 agnoscamus,
735 924 786 1006 qui
808 943 875 987 cum
897 920 1042 988 laudabili
1057 923 1157 988 studio

131 1025 170 1090 ad
194 1027 303 1110 optima
326 1045 461 1110 quaeque
487 1026 641 1105 terretur,
663 1034 768 1088 tamen
795 1046 858 1088 non
887 1025 963 1089 satis
989 1017 1156 1103 intellexit,

132 1129 202 1213 quid
224 1130 411 1215 potissimum
434 1138 466 1192 et
486 1137 635 1210 quatenus
658 1137 856 1210 sequeretur,
882 1137 914 1191 et
933 1136 1001 1191 cum
1017 1128 1158 1213 ingenuo

132 1222 236 1296 amore
267 1230 426 1296 Horatium
456 1230 690 1314 amplecteretur
711 1229 836 1313 eiusque
865 1240 961 1294 artem
993 1230 1159 1295 admirere·

132 1344 199 1414 tor,
224 1335 271 1398 sui
293 1335 388 1422 ipsios
410 1333 527 1419 ingenii
547 1332 644 1395 minus
660 1343 807 1418 expertus
822 1332 935 1410 iudex,
960 1343 1056 1396 totum
1072 1353 1106 1398 se
1121 1332 1164 1399 a'd-

132 1437 215 1501 illum
230 1429 443 1501 conformavit.
462 1432 531 1518 Quo
544 1434 577 1498 in
590 1455 624 1498 re
640 1446 783 1518 quantum
799 1447 964 1519 temporum
981 1435 1158 1515 discrimen,

132 1539 307 1623 ingeniique
324 1529 532 1603 diversitatem
554 1558 617 1600 non
639 1539 713 1602 satis
735 1549 819 1604 recte
841 1549 1031 1624 perspectam
1048 1538 1159 1603 habue-

133 1640 194 1718 rit,
219 1640 305 1705 nobis
329 1640 447 1724 quidem
462 1649 562 1725 petet,
589 1661 685 1724 eoque
707 1641 803 1726 magis
826 1641 990 1722 miramur,
1014 1661 1073 1725 quo
1097 1642 1159 1705 me?

133 1730 191 1807 lius
209 1741 367 1807 Horatium
383 1743 448 1828 ipse
465 1742 603 1826 depinxit
617 1740 744 1807 Persius
761 1739 801 1828 (l,
821 1740 884 1806 tlt
898 1744 995 1826 sqq).
1034 1742 1161 1808 Scilicet

133 1832 256 1909 Horatii
276 1845 386 1909 mobile
409 1855 477 1909 eret
499 1855 588 1928 atque
609 1845 642 1909 in
661 1845 753 1910 rebus
776 1846 857 1910 facili
872 1867 909 1910 ac
925 1845 1001 1910 scita
1017 1856 1089 1910 arte
1101 1856 1161 1910 tra-

135 1949 252 2013 ctandis
268 1949 423 2034 egregium
441 1937 609 2033 ingenium,
626 1948 744 2011 animus
760 1947 825 2012 eius
833 1948 914 2012 vitae
930 1949 1024 2011 variis
1041 1948 1161 2013 casibus

134 2051 258 2116 multum
281 2052 389 2134 diuque
411 2062 574 2129 versatus,
598 2051 649 2134 qui
670 2051 746 2114 nulli
767 2070 802 2114 re
818 2051 906 2135 plane
923 2050 1063 2130 deditus,
1089 2050 1161 2130 nuHi

134 2144 341 2239 philosophiae
364 2164 446 2219 totus
476 2153 632 2232 addictus,
661 2153 734 2218 illud
764 2153 839 2217 nihil
868 2152 1010 2216 admirari
1040 2151 1161 2236 assequi

136 2249 296 2334 studebat,
320 2257 356 2321 de
379 2257 470 2320 rebus
498 2254 656 2335 humanis,
680 2277 754 2340 quas
779 2246 840 2319 'siti
870 2254 1093 2338 subiungebat,
1125 2256 1160 2320 eo

135 2356 424 2434 verius'iudicabat,
448 2379 507 2439 quo
523 2359 617 2422 maius
633 2360 765 2422 studium
780 2357 960 2437 adhibebat,
984 2378 1024 2421 ne
1041 2357 1162 2420 nimium

136 2458 174 2523 iis
196 2461 386 2537 afficeretur,
408 2446 484 2522 irath
507 2470 537 2521 et
559 2460 658 2523 odium
683 2481 757 2524 ase
781 2459 928 2536 removit,
954 2469 986 2525 et
1008 2458 1160 2524 hominum

136 2562 237 2626 studia
252 2581 289 2625 eo
304 2562 430 2626 liberius
446 2561 532 2639 risit,
556 2583 614 2644 quo
630 2562 728 2626 minus
744 2583 778 2626 se
793 2563 830 2626 iis
847 2563 912 2647 capi
931 2562 1104 2640 sentiebat,
1127 2559 1161 2625 ab

137 2658 338 2736 amaritudine
354 2663 486 2742 alicnus,
511 2664 548 2727 ed
569 2665 650 2730 vitae
665 2664 823 2728 utilitatem
839 2667 982 2750 pleraque
998 2667 1120 2729 reterre
1136 2673 1164 2727 et

138 2777 281 2851 quantum
302 2765 366 2830 lieri
389 2776 493 2849 posset
515 2765 545 2829 in
566 2759 675 2829 honam
697 2768 1027 2852 parteminterpretari
1043 2762 1160 2831 solitos.

137 2866 247 2952 Longe
264 2855 354 2932 aliter
367 2865 506 2933 Persius.
541 2865 602 2950 Qui
624 2890 800 2953 quamquam
816 2871 853 2933 iis
869 2871 1056 2954 temporibus
1072 2869 1162 2945 vixit,

139 2992 215 3056 quae
231 2969 389 3036 Romanos
405 2971 460 3035 sub
477 2970 691 3050 crudelissimis
707 2983 796 3055 atque
819 2973 941 3037 vesanis
957 2973 1099 3059 tyrannis
1115 2971 1164 3036 ab·

138 3073 219 3140 ieota
241 3075 416 3139 adulatione
441 3094 616 3156 morumque
646 3077 777 3159 pessima
807 3076 1000 3159 corruptione
1029 3058 1184 3159 perditos.

137 3176 303 3252 videbant,
321 3197 382 3239 non
397 3188 430 3240 ut
444 3175 565 3239 Horatii
581 3197 658 3241 aevo
675 3178 789 3244 civibus
804 3177 957 3240 intestinis
967 3175 1060 3241 bellis
1077 3188 1166 3260 atque

140 3273 284 3341 caedibus
299 3278 388 3342 lassis
404 3280 598 3342 securitatem
615 3288 645 3343 et
661 3279 791 3360 quietem
815 3279 1051 3362 promittebant,
1075 3270 1167 3343 hebess

139 3377 192 3441 bet
208 3379 298 3442 etiam
314 3379 469 3464 ingenium
487 3391 595 3444 natura
619 3380 706 3443 triste
728 3400 764 3443 ae
785 3401 945 3462 severum,
969 3382 1050 3463 quod
1072 3381 1169 3445 stoica

141 3479 316 3564 disciplina,
342 3503 418 3564 quae
435 3501 502 3546 eum
519 3493 614 3545 totum
630 3482 687 3546 sibi
704 3482 932 3561 vindicaverat,
957 3482 1054 3566 magis
1077 3483 1169 3547 etiam

141 3582 275 3647 exacuit.
306 3580 390 3648 Idem
412 3605 488 3648 vero
510 3584 605 3649 vitam
627 3606 682 3649 usu
706 3607 768 3649 non
791 3587 895 3650 habuit
915 3584 1090 3670 cognitam,
1111 3585 1169 3649 sed

140 3684 231 3748 talem
255 3687 321 3750 lere
344 3686 448 3762 novit,
474 3688 590 3769 qualem
613 3688 710 3752 stoica
737 3689 896 3778 disciplinq
908 3688 1169 3772 repraesentavit,
1191 3764 1194 3769 Ι

140 3786 240 3870 itaque
264 3809 326 3851 non
349 3782 445 3872 potuit
468 3810 505 3853 ea
526 3790 618 3853 animi
639 3791 858 3874 tranquillitate
881 3801 972 3874 atque
1000 3790 1171 3855 serenitate

140 3889 220 3968 frui,
245 3910 321 3973 quae
344 3913 406 3954 non
429 3891 486 3956 nisi
512 3893 540 3957 ei
556 3891 727 3978 contingit,
754 3890 804 3976 qui
833 3892 915 3958 vitae
941 3892 1172 3976 tempestatibus

142 3991 192 4056 diu
207 3991 337 4058 iactatus
347 3984 485 4067 'animum
500 3995 647 4075 firmavit,
671 3995 726 4060 sed
745 3994 874 4061 iuvenili
895 3994 1030 4080 impetu,
1056 3995 1106 4079 qui
1130 3993 1174 4058 nil
