2596 4612
477 344 841 409 Pttotueottunu.
1081 368 1171 414 xuvsr

104 514 110 529 '
130 512 393 597 verbis'plnribus
408 524 587 594 uterentur,
610 536 699 598 φιιιιι
714 513 819 599 quibus
834 514 872 578 ad
892 514 1076 581 sententiam
1091 515 1169 581 indi·

133 617 270 680 candam
295 606 369 699 opus
392 627 486 680 esset.
517 615 608 699 Quod
628 615 655 681 si
677 617 744 699 quis
767 616 804 681 do
826 613 936 682 Persio
950 619 1055 684 valere
1070 629 1168 703 putat,

133 727 246 782 errat:
272 737 342 780 nam
356 718 383 782 is
398 718 450 781 ubi
466 739 483 783 o
498 738 533 781 re
549 738 618 782 esse
632 719 772 796 videtur,
796 718 898 784 verbis
914 740 977 783 non
991 723 1108 803 parcit,
1131 719 1169 784 ab

132 819 283 898 ubertate
313 838 375 882 non
397 819 533 898 alienus,
560 840 737 904 quamquam
759 841 821 883 non
843 819 962 884 diffluit.
1017 820 1170 907 Siquidem

136 922 265 1006 quando
288 919 471 1002 septentiam
493 921 545 985 vel
564 921 726 1005 imaginem
747 942 958 1007 usquequaque
973 924 1085 997 claram
1101 925 1171 988 red·

140 1025 219 1088 dere
243 1022 308 1088 vult
338 1015 383 1086 et¹
399 1022 607 1106 perspicuam,
646 1024 872 1109 haudquaquam
896 1043 933 1088 eo
957 1046 1015 1107 quo
1039 1026 1171 1088 diximus
1230 1051 1236 1065 ·

138 1125 233 1188 modo
249 1123 352 1190 brevis
368 1135 435 1203 est,
458 1125 549 1188 immo
573 1125 682 1193 nimius
703 1129 769 1192 fere
790 1129 823 1191 in
839 1127 1056 1212 persequendis
1073 1138 1104 1190 et
1119 1127 1184 1201 de-v

140 1225 316 1305 scribendis
340 1227 462 1291 minutis
484 1227 681 1311 quibusdam,
704 1249 801 1313 nequo
832 1229 959 1292 eandem
986 1226 1172 1294 'sententiam

140 1339 287 1414 repetere
310 1329 446 1407 dubitat,
469 1328 524 1394 sed
545 1329 592 1403 ita
611 1331 778 1409 variatam,
808 1340 841 1393 ut
867 1328 974 1392 maiori
997 1351 1065 1394 cum
1088 1332 1174 1394 vict

142 1432 278 1496 efficacia
298 1430 357 1494 iam
378 1432 517 1514 prodeat.
556 1429 645 1513 Quod
666 1433 693 1496 si
716 1433 781 1515 quis
804 1433 885 1496 bunc
907 1432 1006 1495 locum
1027 1442 1174 1496 accurate

141 1533 306 1617 inspiciat,
329 1533 355 1597 is
379 1554 442 1596 uon
464 1534 652 1612 offendetur,
675 1530 702 1598 si
722 1545 811 1618 poeta
835 1545 904 1619 post
926 1543 1099 1597 accuratam
1121 1553 1173 1597 eo-

142 1657 230 1714 rum,
254 1655 330 1718 quae
353 1617 586 1719 praecesserunt
608 1634 861 1721 descriptionem,
885 1636 945 1698 iam
967 1635 1062 1699 effuse
1078 1635 1172 1713 ridet,

145 1749 175 1801 et
190 1737 282 1801 buius
297 1736 443 1802 stultitiae
458 1735 604 1802 ridendae
619 1738 707 1801 finem
730 1759 794 1802 non
815 1738 945 1808 invenit.
974 1738 1067 1804 Alter
1087 1737 1174 1803 locus

148 1837 416 1922 fflffiffiffl:

232 1939 304 2005 Stat
319 1952 426 2004 contra
441 1941 538 2019 ratio,
562 1952 594 2024 et
607 1952 755 2007 secretam
771 1941 913 2024 garritio
928 1962 1044 2022 aurem,

147 2116 152 2123 .
231 2040 285 2107 Ne
300 2043 392 2108 liceat
406 2043 509 2108 iacere
524 2035 555 2106 id
565 2072 586 2120 ,-
600 2045 679 2126 quod
695 2044 761 2126 quis
775 2044 895 2109 vitiabit
911 2046 1044 2125 agendo.
1113 2114 1115 2118 ,

232 2142 362 2208 Publica
376 2144 431 2209 lex
446 2136 620 2223 bominum,
644 2154 812 2227 naturaque
829 2144 967 2209 continet
982 2145 1039 2209 boc
1053 2145 1114 2224 ias,

149 2321 152 2325 ἵ
233 2244 277 2310 Ut
293 2255 396 2310 teneat
410 2247 521 2310 vetitos
537 2245 657 2309 inscitia
673 2246 780 2310 debilis
796 2257 894 2311 aetus.

146 2349 204 2415 llic
228 2368 304 2413 saue
327 2347 433 2427 eadem
455 2348 609 2413 sententia
628 2347 675 2411 bis
697 2368 846 2432 expressa
866 2357 932 2426 est,
957 2368 1056 2430 noque
1072 2357 1174 2413 tamen

145 2451 207 2529 ita,
233 2460 268 2514 nt
282 2450 428 2513 alterutra
449 2450 607 2514 commode
630 2450 729 2513 omitti
751 2450 862 2533 possit:
888 2460 985 2513 utram
1006 2449 1172 2530 deleveris,

146 2551 241 2616 biabit
256 2552 368 2614 oratio.
404 2549 484 2633 Tum
501 2572 563 2614 non
578 2551 645 2622 siue
663 2551 789 2616 consilio
805 2562 894 2636 poeta
909 2563 1066 2636 postquam
1081 2552 1174 2616 ratio·

147 2674 217 2737 nem
248 2655 516 2733 commemoravit,
539 2652 652 2717 addidit
680 2653 827 2738 publicam
848 2654 945 2737 legem
966 2654 1120 2719 bominum
1144 2664 1176 2718 et

146 2767 307 2833 naturam,
330 2765 364 2818 ut
386 2755 445 2819 hoc
468 2775 554 2838 quam
570 2755 702 2819 maxime
718 2767 855 2840 urgeret.
886 2754 991 2839 Itaque
1009 2776 1047 2818 ne
1064 2757 1101 2818 de
1117 2755 1174 2820 boc

146 2857 267 2942 quidem
284 2856 353 2921 loeo
371 2855 544 2921 consentire
560 2850 693 2941 poss'um.
712 2854 851 2921 Tertium
867 2858 966 2921 locum
982 2858 1070 2941 paulo
1086 2858 1176 2922 aliter

147 2969 353 3045 comparatum
377 2957 490 3021 addidit
513 2956 672 3023 chcrus
693 2959 727 3042 (l.
745 2956 767 3020 l.
784 2979 814 3042 p.
833 2956 895 3022 199
910 2961 973 3041 sq.)
997 2956 1024 3032 Ι,
1041 2956 1096 3036 67,
1124 2960 1176 3023 ubi

147 3081 241 3125 uuum
263 3060 315 3126 vel
338 3058 397 3125 duo
418 3080 528 3124 versus
551 3069 670 3144 poetam
692 3058 863 3123 additurum
885 3060 980 3122 fuisse
1007 3059 1174 3139 existimat,

147 3172 181 3226 ut
195 3162 257 3226 loci
272 3161 426 3225 sententia
442 3172 609 3239 constaret,
628 3162 675 3225 coi
691 3161 862 3225 sententiae
879 3181 940 3225 non
953 3171 1176 3244 putoassensu·

147 3285 235 3342 rum,
261 3263 313 3346 qui
328 3285 389 3327 nou
404 3263 574 3348 improbet,
598 3285 674 3348 quae
692 3263 729 3328 de
744 3263 775 3326 b.
792 3263 814 3328 l.
833 3262 963 3329 disserui
976 3262 1009 3326 in
1025 3283 1177 3328 commen·

148 3366 229 3430 arro
247 3365 292 3449 tr·
308 3363 377 3448 oa).
859 3373 861 3377 ’
1072 3448 1075 3454 ,

236 3464 372 3533 Praeter
394 3466 473 3532 buno
495 3467 656 3532 satirarum
671 3468 778 3533 librum
795 3466 870 3532 nibil
885 3467 923 3531 ad
944 3487 1001 3531 nos
1023 3456 1176 3551 pervenit,

149 3568 249 3653 etqui
265 3588 375 3633 versus
390 3589 408 3632 a
426 3569 626 3653 grammaticis
648 3571 818 3635 afferuntur
839 3578 980 3651 tauquam
1001 3565 1123 3647 Persii,
1146 3567 1178 3630 iu

148 3670 188 3739 iis
204 3670 316 3735 tanum
331 3691 442 3738 nomen
462 3691 530 3737 esso
552 3672 702 3756 positum,
726 3693 742 3735 a
759 3667 833 3736 VV.
849 3668 921 3733 DD.
940 3670 1177 3734 demonstratum

148 3782 201 3836 est
218 3780 242 3834 ¹.
281 3771 387 3836 Animi
408 3792 499 3838 causa
522 3775 618 3854 addo,
642 3775 673 3836 iu
696 3774 764 3838 cod.
788 3769 888 3837 Paris.
912 3794 944 3836 n.
961 3769 1046 3836 4883
1061 3771 1101 3832 Α.
1117 3769 1178 3854 legi

150 3961 164 4025 ι
184 3949 328 4012 unacum
346 3959 384 4027 (p.
402 3936 453 4016 iao
465 3962 518 4028 sq.)
536 3962 641 4022 accurre,
669 3960 756 4022 senar.
776 3947 835 4013 aas
846 3960 879 4012 aa
896 3959 952 4012 rav.
970 3959 1027 4020 vu,
1039 3957 1088 4013 nu
1111 3955 1178 4022 apuu

185 4027 280 4082 lisina.
298 4030 332 4083 ad
350 4028 427 4084 ovio.
444 4029 501 4082 Am.
525 4029 569 4098 lll,
585 4032 613 4098 2,
630 4031 664 4093 83
681 4031 788 4095 laudare
804 4045 865 4093 corp
882 4029 966 4096 ipson
984 4026 1072 4084 britti
1090 4038 1130 4083 tt·
1149 4030 1179 4075 ut
