2596 4612
410 329 777 398 PROLEGOMENA.
995 358 1102 406 uxum

71 497 229 568 illecebris
248 511 403 578 remotus,
433 502 600 588 studiisque
621 503 792 571 litterarum
823 514 939 572 tantum
968 509 1100 592 deditos,

73 605 192 688 gloriae
207 603 348 687 cupidine
362 624 502 688 vaneque
517 607 683 685 iecmotia,
708 609 825 692 qualem
845 609 878 672 in
900 608 1029 676 Lneeoo
1045 634 1101 676 no·

73 708 193 784 vimus,
215 707 295 770 liber
308 706 376 770 init.
405 705 516 791 Neque
532 709 651 795 poetica
667 707 785 774 Luceni
807 712 906 776 studia
928 710 1029 778 Persii
1051 737 1103 780 ae·

73 831 201 876 sensnm
224 810 306 872 terre
328 818 504 892 potnerunt.
546 809 734 896 Quamquam
750 813 829 878 enim
844 812 876 876 in
892 833 930 877 eo
953 818 1099 895 carmine,

73 913 156 996 qnod
178 908 276 976 solum
298 909 388 974 lodie
408 923 566 997 superstes
589 924 655 995 est,
678 936 741 979 nou
766 916 876 980 desunt
889 917 1018 1000 vestigia
1034 920 1101 985 eius

74 1012 271 1099 disciplinae,
295 1031 372 1094 qnae
387 1011 416 1077 ci
432 1034 499 1078 eom
515 1012 625 1080 Persio
641 1018 807 1083 eommunis
822 1017 898 1095 luit,
914 1028 947 1082 et
960 1040 1102 1104 praescr·

73 1116 127 1181 tim
149 1115 291 1194 ratione,
313 1138 372 1200 qua
391 1114 649 1201 Pompeianorum
669 1131 772 1204 partes
795 1119 933 1199 extollit,
957 1122 1101 1206 reipubli-

74 1238 130 1284 cae
153 1228 187 1282 et
208 1215 359 1282 libertatis
379 1240 466 1282 amor
485 1221 645 1304 proditor,
669 1223 786 1304 qualem
808 1221 846 1284 ab
869 1239 906 1283 eo
923 1234 1099 1305 exspectes,

73 1320 125 1406 qui
145 1318 244 1384 stoica
266 1318 454 1406 philosophia
475 1322 608 1386 imbutos
629 1333 695 1401 est,
718 1322 839 1389 videtur
858 1321 885 1385 is
907 1322 977 1386 mihi
1000 1334 1100 1388 tameo

73 1421 278 1487 scholasticus
292 1421 412 1506 potins,
444 1443 532 1505 wem
555 1444 647 1489 verns
670 1434 759 1508 atque
781 1423 934 1508 ingennus
957 1444 1046 1504 esse,
1069 1437 1102 1491 et

72 1522 222 1588 Lucanos
244 1523 333 1587 simili
355 1526 476 1589 ratione
499 1525 709 1612 philosophiae
742 1526 862 1592 deditus
888 1526 983 1592 luisse
1010 1538 1102 1613 atque

75 1622 212 1692 Seneca.
243 1622 413 1710 Utrumque
437 1627 517 1691 enim
538 1628 661 1692 virtutis
682 1629 882 1712 veritatisque
904 1628 1005 1693 studio
1028 1630 1102 1694 affe·

74 1740 159 1795 ctum
188 1727 283 1791 luisse
306 1748 483 1811 quamquem
505 1749 566 1792 nou
593 1749 692 1813 nego,
721 1742 824 1796 tomen
848 1731 980 1816 speciem
1003 1731 1100 1814 magis

74 1831 169 1907 etism
183 1851 272 1913 qnam
286 1850 351 1894 rem
367 1841 502 1895 secatum
519 1851 610 1908 esse,
634 1851 732 1917 oeque
755 1834 786 1896 in
801 1833 865 1898 vita
879 1834 1011 1900 animum
1026 1857 1102 1901 con-

72 1944 225 2010 stantem,
249 1931 365 2016 gloriae
381 1953 460 1996 vana
476 1932 616 2017 cupidine
632 1943 664 1998 et
677 1934 800 2000 luxuria
816 1934 963 2018 liberum,
981 1939 1100 2022 qualem

74 2032 202 2101 Seneca
221 2033 407 2117 potissimum
430 2034 462 2097 io
483 2035 605 2119 scriptis
620 2036 771 2115 ostendit,
795 2057 960 2116 servasse,
984 2051 1100 2103 cenum

73 2149 123 2204 cst
141 2146 166 2200 ¹.
234 2157 275 2222 go
298 2156 359 2200 non
382 2137 412 2200 id
433 2136 612 2221 suscipiam,
637 2148 671 2201 nt
695 2138 921 2217 demonstrem,
943 2136 1098 2219 Persium,

72 2240 124 2306 ubi
141 2240 181 2304 tle
254 2238 293 2302 tis
315 2238 362 2303 sni
384 2238 529 2323 temporis
548 2237 699 2320 loquitor,
723 2238 773 2323 qui
790 2236 910 2303 Graece
925 2241 1035 2325 nugari
1049 2261 1101 2306 so·

73 2378 87 2432 l
106 2373 272 2427 lle'Lueuuo
288 2375 394 2442 eiusque
412 2374 506 2426 studiis
524 2389 551 2426 v.
564 2375 644 2426 vitum
657 2374 792 2435 Suetonii,
811 2374 938 2442 aliumque
950 2391 982 2428 eu
995 2377 1100 2444 antiquo

108 2445 294 2496 commentario
316 2443 384 2494 Stet.
405 2443 470 2495 Silo.
490 2443 524 2507 ll,
544 2444 569 2496 7.
596 2443 735 2495 Suetonius
754 2443 855 2511 quidem
880 2445 994 2511 iniquior
1010 2453 1100 2497 contre

107 2529 168 2565 eum
186 2519 243 2577 est,
269 2518 297 2563 ut
322 2512 431 2564 Tacitus
453 2528 552 2580 quoque
580 2527 678 2579 aequus
703 2513 780 2564 inlex
798 2512 864 2563 satis
883 2514 985 2580 quidem
1004 2514 1100 2581 prodit,

107 2597 168 2634 eum
186 2581 312 2648 sepientis
328 2582 497 2632 consuntiam
521 2581 669 2647 neutiquam
694 2596 824 2633 servusse.
855 2580 893 2632 lta
911 2583 1036 2649 promisse
1054 2583 1101 2634 inu-

104 2652 230 2719 punitate
247 2658 387 2717 corruptos
403 2658 511 2702 matrem
528 2649 638 2701 Acilium
656 2650 768 2719 prodidit
785 2649 860 2714 (Tuo.
880 2652 947 2702 Auo.
966 2649 1026 2715 XV,
1042 2651 1099 2718 ot),

107 2728 136 2771 et
154 2720 222 2786 quod
239 2719 382 2772 moriturus
398 2734 518 2781 carmen,
543 2718 609 2785 qood
633 2719 666 2770 (le
687 2719 825 2769 vulnerato
841 2719 925 2770 milite
948 2721 1099 2787 composuit,

108 2790 236 2840 recitasse
253 2796 377 2838 narrator
392 2788 472 2850 (Ano.
485 2786 546 2851 XV,
563 2787 607 2851 tot
620 2788 646 2837 id
664 2788 727 2838 mili
745 2788 847 2854 quidem
865 2788 1010 2840 affectatum
1028 2789 1101 2841 vide-

109 2865 172 2922 tur,
190 2858 327 2923 virumque
344 2858 499 2919 comodere,
518 2856 562 2922 qui
581 2856 710 2920 ingenium
729 2856 855 2923 poeticum
873 2863 901 2907 et
917 2857 1025 2908 stoicum
1041 2873 1101 2909 con·

109 2927 234 2978 stantium
257 2931 388 2976 ostentare
412 2925 505 2976 voluit.
541 2923 607 2975 Eum
632 2939 695 2975 vero
713 2932 804 2977 eontra
821 2923 948 2976 Neronem
966 2924 1100 2977 iueeo'suu

110 2994 192 3046 iuisse
214 2995 324 3045 numine
350 2995 382 3044 ot>
403 2995 528 3060 poeticum
546 2993 743 3043 aemulationem
761 2994 891 3043 consentit
908 2991 1031 3043 Suetonio
1048 2993 1101 3045 Τα-

111 3064 179 3115 citus
194 3063 275 3130 (Anu.
288 3061 350 3126 XV,
364 3063 419 3126 49).
439 3063 560 3113 Ceterum
578 3061 769 3129 inscriptione·
788 3060 898 3113 multum
917 3061 1074 3113 celebratum

284 3130 320 3183 li.
341 3130 480 3182 nucleo
497 3129 633 3181 tvcttto

285 3198 495 3251 cottuveuttst
512 3196 647 3248 ΡΟΕΤΑΕ

284 3264 460 3321 emrtcto
477 3266 620 3318 Neuottts

285 3335 377 3389 FAMA
395 3334 553 3388 SERVATA
618 3347 621 3351 ·

109 3404 203 3473 (Grut.
218 3406 279 3469 354,
289 3406 317 3459 2.
335 3404 412 3458 Voss.
427 3407 459 3456 te
471 3405 546 3456 tistt.
562 3402 632 3455 Lutt.
649 3404 723 3470 iste·
743 3402 814 3470 lips.
830 3402 863 3453 ud
876 3402 940 3456 Tse.
956 3404 1024 3456 Anu.
1037 3402 1099 3469 XV,

109 3477 156 3528 49.
181 3473 420 3540 Soraequplrilol.
453 3475 521 3526 .tc.
546 3473 652 3525 Weber.
676 3475 708 3524 etl
730 3472 795 3522 Luc.
815 3471 837 3523 ll
856 3488 882 3539 p.
899 3473 959 3525 580.
984 3472 1099 3526 Fickert.

110 3545 143 3595 uti
161 3543 221 3595 Seu.
239 3541 250 3594 l
265 3559 291 3610 p.
306 3542 403 3595 XXlV.
429 3491 498 3593 icit.
513 3542 593 3593 anull.
612 3541 694 3608 epigr.
724 3558 750 3607 p.
772 3541 847 3606 ete.)
871 3541 1007 3606 genuinum
1031 3558 1100 3606 esse,

109 3613 137 3663 lt.
148 3627 173 3662 e.
182 3610 412 3679 Neronistempore
419 3612 537 3678 positum,
550 3613 714 3664 uhtredum.
733 3609 817 3673 negas
825 3611 897 3660 morlo
906 3607 993 3661 Taciti
1001 3612 1099 3662 verbu:

111 3680 186 3747 quod
199 3682 311 3746 samam
334 3685 393 3731 eius
418 3684 569 3730 eas-minam
591 3679 735 3746 premebat
764 3677 839 3730 Nero
867 3679 1101 3745 prohibueratque

112 3753 250 3800 osmtare
273 3764 344 3799 caua
369 3749 582 3807 assimilatione,
610 3755 637 3799 et
661 3747 746 3798 simile
770 3746 833 3812 quid
851 3746 877 3796 in
904 3748 988 3798 suino
1005 3748 1101 3799 labere

112 3817 220 3869 vitetur
236 3818 313 3869 etium
331 3817 488 3881 Suetonius,
507 3817 551 3868 ubi
564 3817 642 3867 licit:
661 3816 791 3866 Poemata
808 3817 865 3865 eius
882 3819 965 3867 etiam
976 3817 1103 3882 praelegi

109 3889 232 3938 arment.
262 3885 396 3938 Cordum
412 3901 468 3938 esu
486 3887 618 3938 inventurn
635 3899 694 3936 esse
710 3885 757 3934 vix
773 3883 874 3934 ereum
892 3883 1029 3951 timpanis,
1057 3884 1101 3949 qui

110 3952 207 4006 multas
232 3955 364 4007 fluxerunt
386 3956 495 4006 titulos:
520 3952 616 4006 Romae
639 3961 766 4019 renerum
791 3967 849 4004 esse
873 3968 899 4004 u.
925 3953 992 4004 1⁴⁰3
1010 3958 1101 4002 sumt

111 4021 172 4074 ital.
190 4025 223 4074 de
240 4023 345 4091 l’lugelu
361 4025 429 4092 spurt
445 4023 595 4077 Pictoreum
604 4023 690 4090 itique
706 4036 763 4074 esu
775 4021 877 4074 oerrurl
887 4021 969 4074 trudit
980 4018 1099 4072 Vossius.

143 4112 263 4155 HUIUS.
863 4109 880 4152 0
