2596 4612
131 368 233 447 emt
456 346 821 416 radiarentur.

131 546 188 609 qne
210 525 354 588 virtutem
378 543 441 588 non
465 523 609 586 ostendat
628 531 651 585 ¹.
683 520 787 605 Quare
803 520 911 599 nobis,
937 521 1006 585 dum
1021 520 1162 605 philoso-

131 629 220 712 phum
236 626 318 711 agit,
342 647 404 689 non
419 625 542 690 videtur
556 636 657 689 tamen
674 644 763 703 esse,
786 634 817 686 et
838 623 875 687 iis
898 623 999 700 vitiis,
1021 623 1053 686 in
1078 644 1163 709 quae

130 729 267 807 invehit,
296 728 394 812 ipsum
418 748 506 810 qnam
538 728 670 792 maxime
699 728 841 791 laborare
867 735 1004 809 apparet.
1041 722 1160 808 Neque

131 831 222 896 aliter
241 831 273 892 in
296 829 360 894 vita·
382 850 416 894 se
435 830 544 914 gessit.
573 827 655 893 Nam
678 829 814 912 quamvis
836 828 967 890 animum
988 827 1026 889 ad
1042 826 1163 910 optima

131 923 267 1015 quaeque
283 951 466 1014 propensum
482 953 571 996 nemo
587 952 700 1014 aequus
718 931 746 993 ei
769 929 940 1005 abiudieet,
965 938 1067 991 tamen
1089 948 1164 993 eam·

132 1033 354 1110 danstantiam,
383 1023 470 1117 quam
499 1034 531 1096 in
559 1043 656 1096 morte
678 1032 836 1117 probavit,
852 1051 921 1114 ,per
946 1040 1039 1093 totam
1063 1030 1162 1096 vitam

132 1135 305 1217 neutiquam
328 1133 483 1211 servavit,
509 1154 606 1216 neque
629 1155 683 1198 sua
706 1134 799 1218 ipsius
822 1141 986 1217 praecepta
1007 1131 1162 1213 sequeba-

131 1246 200 1313 tur,
224 1237 314 1299 immo
331 1235 422 1299 multa
446 1237 529 1299 dedit
546 1237 739 1319 imperatoris
759 1233 908 1298 voluntati
931 1244 1020 1315 atque
1041 1244 1162 1318 tempn-

131 1338 175 1402 ris
197 1337 363 1416 lasciviae,
386 1337 539 1421 ipsiusque
560 1338 674 1415 indoli,
698 1356 774 1419 quae
797 1357 815 1398 a
837 1335 961 1399 mollitie
983 1346 1014 1399 et
1033 1335 1163 1400 luxurie

133 1453 320 1522 nequaquam
335 1440 435 1503 aliena
450 1441 507 1502 fuit
523 1447 547 1501 ².
578 1437 666 1502 Talis
682 1440 731 1502 vir
746 1459 807 1499 non
823 1439 920 1524 potnit
933 1435 1042 1501 Persio
1057 1438 1164 1521 plaee-

134 1560 188 1616 re,
230 1540 334 1603 inveni
372 1562 488 1604 morum
518 1542 763 1624 incorruptorum
796 1540 931 1622 castique
960 1538 1070 1615 animi,
1111 1541 1164 1624 qni

134 1639 226 1704 vitam
243 1660 306 1703 non
320 1661 378 1705 usu
394 1643 480 1705 novit
493 1643 607 1726 ipsam,
632 1643 685 1706 sed
700 1644 816 1724 qualem
832 1641 955 1705 scholae
971 1661 1083 1705 severa
1097 1642 1164 1706 dis-

134 1741 244 1824 ciplina
259 1743 520 1824 repraesentabat.
545 1742 811 1829 Cuinsingenimn
828 1762 925 1825 neque
940 1741 1089 1806 facilitate
1106 1764 1164 1810 ne·-

134 1863 192 1927 qne
207 1843 347 1907 ubertate
362 1865 429 1908 enm
446 1843 566 1910 Seneca
582 1848 827 1930 comparandum,
844 1844 898 1908 sed
914 1845 1031 1908 tardum
1048 1847 1163 1929 potins,

135 1945 286 2010 acerrimo
300 1946 367 2010 veri
384 1956 474 2030 atque
496 1949 573 2013 recti
592 1949 692 2012 studio
713 1948 867 2012 incitatum
885 1949 1001 2010 summd
1015 1968 1084 2009 enm
1099 1949 1165 2012 fer·

135 2067 211 2112 vore
219 2067 324 2112 verum
332 2049 550 2132 investigavit,
567 2050 609 2114 ita
619 2061 733 2127 tamen,
743 2063 776 2113 nt
785 2050 858 2113 nihil
873 2051 1165 2129 fereassequeretnr

135 2150 196 2214 nisi
216 2151 334 2213 intento
357 2151 461 2216 labore
485 2163 517 2216 et
539 2153 670 2215 omnium
686 2151 794 2215 virium
809 2150 927 2235 ingenti
944 2151 1024 2213 nisu.
1057 2147 1164 2231 Quare

135 2252 216 2315 sient
230 2252 308 2334 apud
324 2252 406 2314 illum
422 2253 516 2318 fluere
532 2256 670 2318 videmus
686 2254 872 2328 orationem,
898 2264 929 2315 et
950 2261 1058 2335 sponte
1082 2253 1165 2336 engi·

135 2361 252 2415 tantem
274 2353 377 2435 sequi,
400 2353 443 2416 ita
476 2351 602 2419 Persius
628 2364 742 2438 pugnat
762 2354 980 2437 quodammodo
1003 2375 1071 2418 enm
1095 2376 1163 2420 ser-¹

136 2473 246 2531 mone,
270 2463 393 2534 atquae
409 2466 541 2519 mentem
557 2457 691 2540 agitant,
715 2477 777 2518 non
799 2455 856 2517 nisi
878 2476 988 2537 magno
1004 2455 1117 2539 impetn
1133 2470 1166 2522 et

135 2553 245 2618 iterum
260 2555 430 2638 iterumque
445 2576 611 2640 aggressus
626 2558 682 2621 vix
696 2558 819 2620 tandem
836 2557 969 2641 profert,
994 2579 1091 2641 eaque
1113 2580 1167 2633 ra2

135 2654 240 2733 tione,
265 2675 340 2736 qnae
363 2657 437 2720 satis
460 2657 664 2736 demonstrat,
696 2669 808 2743 quanto
832 2661 899 2724 veri
920 2660 1017 2724 studio
1041 2663 1163 2742 ardeat,

137 2767 323 2838 quantopere
343 2759 475 2823 animum
503 2771 634 2843 urgeant
656 2781 710 2838 ea,
741 2782 818 2844 qnae
840 2761 950 2840 sentit,
981 2782 1039 2826 nee
1061 2775 1165 2829 tamen

136 2858 310 2942 exprimere
334 2870 454 2943 potest,
478 2861 664 2926 alienissima
685 2874 786 2928 antem
805 2875 859 2928 est
885 2886 902 2927 a
924 2875 1062 2948 prompto
1084 2866 1167 2931 illius

136 2958 260 3044 ingenia
277 2969 309 3025 et
325 2961 469 3027 facultate
493 2963 530 3027 de
552 2966 686 3049 qualibet
699 2987 734 3030 re
751 2967 823 3030 novi
841 2966 981 3048 quiddam
1003 2987 1040 3030 ae
1062 2967 1166 3050 splen-

138 3059 200 3125 didi
216 3062 407 3146 prolerendi,
430 3065 544 3145 quain
566 3067 689 3131 summis
711 3067 881 3132 amabiliter
903 3068 997 3144 ludit,
1021 3069 1082 3132 ima
1103 3091 1167 3137 non

136 3164 248 3246 tangit.
297 3162 372 3227 Non
400 3165 520 3229 ferebat
540 3169 660 3233 iuvenis
682 3170 813 3234 imbutus
843 3190 954 3234 severa
990 3169 1164 3255 disciplina,

137 3282 226 3345 qnam
241 3274 306 3327 toto
327 3275 448 3347 pectore
470 3267 607 3346 imbibit,
631 3272 832 3335 veneratione
854 3272 961 3355 plenus
984 3291 1058 3356 erga
1079 3271 1168 3338 viros

138 3364 299 3446 egregios,
328 3384 455 3445 quorum
477 3367 611 3450 rigerem
634 3372 861 3451 aemulabatur,
894 3373 1068 3438 laeilitatem
1091 3373 1167 3454 viri,

137 3464 201 3529 vita
224 3465 274 3528 din
296 3464 480 3549 multumque
504 3472 635 3549 versati,
665 3494 722 3556 qua
752 3475 867 3539 saeculi
890 3476 1025 3540 moribus
1047 3487 1168 3543 tantum

137 3565 339 3644 concedebat,
355 3578 433 3632 ntea
442 3573 581 3655 exemplo
589 3595 737 3656 spernere
750 3578 921 3657 videretur,
939 3598 1015 3662 quae
1029 3579 1166 3663 scriptis,

138 3687 315 3750 quamquam
330 3680 363 3733 et
378 3670 426 3735 hie
441 3672 497 3736 vix
512 3675 622 3759 digne,
646 3679 800 3742 sustinuit.
832 3678 873 3744 Et
888 3691 990 3744 tamen
1006 3681 1083 3745 haee
1098 3680 1168 3767 ipsa

138 3820 152 3873 1
167 3788 212 3870 ‘ct
228 3819 316 3885 qum.
331 3802 367 3887 x,
384 3824 408 3887 1,
419 3825 468 3877 125
477 3841 531 3893 sqq.
552 3827 619 3880 Getl.
634 3829 692 3894 xn,
708 3834 734 3886 2.
749 3831 839 3885 mom.
850 3833 881 3885 aa
895 3841 974 3886 oran.
990 3833 1001 3885 1
1014 3851 1039 3903 p.
1050 3831 1166 3905 tsapqq.

171 3887 366 3954 Westermann,
386 3891 478 3944 Geseh.
495 3896 519 3946 d.
533 3896 605 3948 fldm.
622 3899 729 3951 Bereds.
743 3917 767 3967 p.
784 3903 881 3969 282sq.

136 3957 156 4012 2
172 3955 213 4008 Cl.
227 3956 292 4009 Tac.
308 3958 375 4011 Anu.
387 3957 455 4025 Xlll,
474 3963 509 4014 32
528 3965 595 4017 Fuit
610 3967 655 4017 illi
669 3971 730 4019 vz‘re
745 3972 880 4036 ingenium
899 3986 1041 4024 amoenum
1058 3976 1089 4024 et
1099 3977 1169 4024 tone·

168 4029 249 4091 porte
260 4030 319 4079 eiua
330 4029 444 4081 duntur
454 4034 695 4087 accommodatum.
758 4083 760 4090 ,
772 4086 774 4090 .
