2596 4612
310 172 326 266 ,ἕ

472 360 837 430 PROLEGOMENA.
1060 392 1163 435 xxm

129 533 217 616 su).
252 529 359 615 tuque
373 531 424 598 hie
439 521 559 619 quoque
573 536 701 620 rigidum
717 548 749 602 ot
767 536 886 602 tristem
901 538 1064 605 stoicorum
1081 540 1165 605 habi·

132 645 208 699 tum·
224 655 297 718 prae
321 656 355 700 se
378 637 461 701 terre
487 649 651 701 aecusatus
680 649 729 703 ost
755 639 852 721 (Tae.
875 640 960 718 Anu.
984 638 1075 720 xvi,
1096 640 1164 725 22).-

132 733 223 801 Prae
245 738 357 801 eeteris
378 759 455 804 vero
468 736 607 814 *Catonis
629 737 786 806 Utinensis
807 744 977 827 exemplum
996 725 1165 808 aemulatae

133 850 188 904 ent
201 838 297 922 (Tae.
314 842 400 904 Anu.
416 841 440 906 l.
457 841 517 923 t),
534 842 572 904 tle
587 862 647 925 qno
662 844 754 908 etiam
769 845 913 930 seriptum
928 846 1050 930 reliquit
1063 844 1163 926 (Plut.

134 938 213 1006 Cat.
236 941 309 1004 min.
334 942 408 1022 37),
438 943 564 1026 eiusque
585 961 721 1009 atrorem
742 947 874 1010 animum
898 959 929 1011 et
951 949 1053 1012 nobile
1073 949 1164 1012 letum

134 1054 373 1110 assecutorem.
400 1043 474 1109 Fuit
488 1046 538 1109 vir
551 1046 652 1110 animo
667 1048 844 1112 mitissimus
857 1061 949 1133 atque
964 1050 1034 1113 inde
1049 1069 1166 1134 quoqm

135 1147 356 1223 admirandus,
379 1147 430 1230 qui
444 1145 552 1211 erebro
568 1147 707 1228 dicebat,
727 1144 867 1216 homiues
882 1152 1002 1228 odisse,
1026 1153 1076 1235 qni
1091 1152 1167 1224 yitia

137 1250 242 1314 oderit
257 1246 350 1328 (Ptin.
366 1248 434 1332 epp.
451 1247 480 1314 V
484 1246 540 1328 tlt,
557 1247 634 1330 22).
658 1251 774 1334 eaeque
793 1251 958 1317 affirmabat
972 1274 1082 1326 eausam
1097 1270 1166 1316 esee

136 1352 371 1436 eunomianum,
395 1371 472 1434 qnae
494 1350 751 1429 putaminarum,
783 1364 835 1417 aut
857 1355 1020 1418 destitutae
1049 1364 1166 1429 essent,

138 1465 193 1519 aut
207 1455 247 1518 ad
263 1454 434 1537 exemptum
449 1454 638 1537 pertinerent
652 1450 749 1538 (Ptin.
767 1475 835 1538 epp.
854 1452 912 1531 Vt,
928 1453 1005 1540 29),
1023 1466 1055 1520 et
1071 1457 1167 1519 omni·

139 1577 181 1620 no
196 1555 330 1620 moribus
345 1555 467 1638 vitaque
483 1555 716 1639 integerrimus,
732 1556 855 1621 virtutis
869 1554 1029 1621 Romanae
1045 1557 1167 1622 saecuto

140 1667 286 1743 eorrupto
309 1658 499 1741 exemplum,
522 1667 557 1719 nt
577 1657 644 1721 iure
667 1659 823 1722 Arulenus
845 1656 992 1724 Rusticus
1014 1681 1083 1723 eum
1097 1679 1167 1724 san-

139 1759 309 1826 ctissimum
324 1760 421 1823 virum
438 1755 723 1843 nominaret(Suet.
735 1757 827 1822 Dom.
840 1757 891 1824 10.
908 1758 1016 1825 DioC.
1029 1757 1166 1838 txvlt,
1191 1772 1194 1777 ·

141 1866 194 1931 13.
214 1867 254 1930 ot.
273 1863 352 1928 Tae.
368 1860 534 1946 Agrio.2).
559 1860 601 1924 Et
615 1861 823 1946 comprobavit
838 1862 896 1926 hoe
910 1862 1054 1928 iudicium
1069 1863 1169 1926 inimi·

142 1967 283 2033 tissimus
298 1965 357 2050 ipsi
371 1962 478 2040 Nero,
500 1963 551 2046 qni
566 1984 633 2029 unm
646 1963 806 2028 detulisset
821 1963 850 2028 ei
866 1965 983 2047 uitiatam
999 1964 1169 2029 Thraseam

140 2069 229 2154 quasi
253 2077 429 2152 corruptum
449 2065 597 2142 iudioem,
628 2066 832 2130 exclamavit:
868 2065 992 2130 Utinam
1014 2077 1075 2129 tam
1098 2065 1168 2128 mihi

141 2171 260 2237 amiens
275 2179 360 2234 esset
374 2167 535 2245 Thraaea,
559 2187 647 2250 quam
662 2167 759 2232 bonus
775 2168 871 2231 iudex
885 2178 934 2231 est
948 2165 1046 2252 (Plut.
1063 2186 1167 2251 praee.

142 2273 229 2358 polit.
248 2270 324 2352 33),
349 2270 513 2352 eodemque
536 2267 750 2346 referendum,
776 2271 855 2354 quod
877 2289 895 2332 a
917 2269 1093 2352 quibusdam
1107 2279 1170 2332 tra-

144 2376 238 2438 ditum
262 2382 368 2436 narrat
390 2371 519 2436 Tacitus
541 2370 638 2456 (Anu.
660 2366 737 2448 XV,
761 2369 838 2454 23),
863 2371 941 2435 haud
964 2372 1007 2435 ita
1029 2372 1079 2434 diu
1098 2381 1171 2434 ante

141 2476 308 2543 Thraseae
324 2485 450 2546 mortem
462 2473 689 2538 reconciliatum
698 2492 732 2538 se
749 2471 908 2538 Thraseae
923 2473 1053 2538 iactasse
1066 2471 1101 2536 N
1103 2494 1171 2537 ero·
1193 2490 1195 2495 ·

143 2601 216 2644 nem
232 2577 310 2661 apud
326 2574 492 2654 Senecam,
509 2572 1074 2657 aoSeneoamidNeroni-gratulatum
1088 2593 1168 2638 eoae.

144 2679 333 2765 Quamquam
349 2689 449 2742 antem
465 2698 578 2742 summa
592 2677 658 2741 eius
674 2688 742 2741 erat
756 2677 848 2740 animi
863 2687 953 2765 atque
970 2677 1120 2740 sermonis
1136 2675 1171 2738 li-

142 2785 249 2848 terras
257 2781 314 2860 (oi.
324 2780 403 2843 Tae.
413 2779 494 2844 Hist.
503 2777 562 2858 IV,
573 2777 604 2842 5.
620 2776 680 2842 Dio
691 2775 729 2842 C,
739 2775 859 2855 LXVI,
875 2776 926 2844 12.
938 2779 979 2844 ol.
987 2776 1054 2843 luv.
1064 2773 1105 2854 V,
1114 2775 1170 2858 38)

144 2886 181 2950 ab
205 2883 288 2948 omui
309 2893 410 2946 tamen
426 2882 598 2965 petulantia
620 2891 708 2965 atque
739 2880 973 2963 intemperantia
1001 2880 1171 2956 abhorruit,

145 2999 178 3051 et
200 3005 362 3069 numquam
384 2983 473 3048 etiam
496 2983 528 3046 in
553 2981 754 3066 vituperando
776 2981 982 3046 reverentiam
1005 2980 1172 3045 observare

148 3087 269 3163 omisit,
294 3105 381 3168 qnam
397 3085 447 3149 vel
462 3086 541 3148 malo
556 3084 684 3169 principi
699 3082 806 3147 deberi
819 3082 982 3158 indicavit,
1002 3084 1042 3146 oi.
1059 3079 1118 3144 Dio
1132 3077 1170 3143 C.

144 3186 270 3267 LXVI,
299 3186 358 3255 12:
390 3186 545 3274 Θρασέας
566 3189 635 3271 μὲν
662 3181 724 3268 peip
758 3181 815 3250 troi
843 3181 1009 3264 Νέρωνος
1034 3179 1083 3249 aiu
1114 3174 1175 3247 oria

144 3288 307 3376 ἠρέσκετο
330 3282 439 3374 αὐτῷ,
461 3289 519 3356 καὶ
542 3282 643 3355 οὐδὲν
663 3285 786 3372 μέντοι
812 3282 889 3353 οὐδ’
903 3285 948 3361 oie
975 3280 1173 3371 ὑβριστικόν

144 3393 265 3478 ἔλεγεν
287 3393 334 3463 εἷς
357 3385 462 3456 αὐτόν
485 3382 560 3457 οὐδ’
576 3395 758 3475 ἔπρασσεν,
784 3385 876 3476 πλήα
899 3381 1054 3456 καθόσον
1070 3409 1175 3470 προς-

142 3504 328 3561 mavortio
351 3496 383 3558 ot
404 3492 472 3560 σῶα
488 3491 676 3580 δρωμένων
699 3486 761 3558 οὐκ
782 3484 897 3579 ἠ’ξίοσ,
920 3493 959 3555 ol.
982 3489 1062 3554 Tae.
1085 3490 1171 3550 Anu.

143 3593 242 3672 XIII,
259 3593 313 3660 49.
330 3590 423 3672 XIV,
440 3593 494 3659 48.
528 3592 672 3659 Ceterum
696 3595 806 3657 nullam
823 3591 1024 3676 praetermisit
1039 3591 1176 3654 oooasio-

147 3717 239 3776 nem,
262 3697 350 3760 utin
373 3709 501 3776 senatu,
525 3698 552 3759 oi
574 3698 640 3761 fieri
663 3706 787 3780 posset,
810 3696 962 3777 ignaviam
983 3692 1174 3776 castigando,

147 3799 201 3865 vel
215 3799 338 3863 nimiam
353 3819 426 3883 prae
442 3800 615 3864 adulatione
631 3798 825 3864 severitatem
848 3795 1039 3871 corruendo,
1063 3792 1177 3856 saeculi

148 3901 402 3984 depravationem
417 3901 449 3963 in
465 3901 571 3965 melius
587 3909 741 3974 verteret,
759 3899 799 3961 ei.
818 3894 895 3959 Tae.
913 3894 998 3958 Aron.
1015 3891 1107 3968 XIII,
1120 3889 1174 3954 49.

148 4001 243 4084 xlv,
260 4001 304 4092 48
318 4023 364 4089 sq.
382 3999 459 4093 XV,
475 3998 518 4067 20
532 4023 577 4086 sq.
604 3999 751 4091 Quamvis
766 4009 865 4063 autem
879 4006 1062 4083 temperatus
1078 4003 1109 4059 et
1124 3992 1178 4055 ob·
