2618 4620
191 507 412 578 comparatam,
437 506 470 557 ut
492 496 529 556 ab
551 515 749 577 unoquoque,
774 496 875 578 quiin
897 517 934 561 eo
950 496 1099 580 scriptore
1115 519 1218 559 euram

190 617 343 700 posuerit,
368 615 441 678 sciri
456 625 488 676 et
502 614 605 677 afferri
621 615 746 692 debeat,
771 623 801 676 ct
822 635 855 677 re
871 636 947 679 vera
962 616 1037 680 iuris
1053 636 1122 679 esse
1139 638 1219 679 com·

190 735 301 799 munis.
335 733 391 797 His
414 734 506 818 igitur
528 734 625 815 quivis
649 745 683 796 ut
704 734 767 796 suis
789 734 832 795 uti
854 745 954 818 potest
970 747 1000 798 ct
1015 736 1116 799 debet.
1147 736 1219 799 Alia

130 852 138 868 '
190 876 241 918 res
265 865 331 932 est,
357 854 407 916 ubi
428 854 591 935 singularis
614 855 664 917 vel
687 855 843 917 doctrinae
859 856 909 917 vel
924 855 1038 938 ingenii
1055 857 1220 939 specimina

191 974 328 1037 exhibita
357 984 448 1049 sunt,
481 994 550 1035 nam
578 974 652 1036 baec
676 975 768 1037 tacite
791 973 954 1047 adbibere,
980 975 1064 1056 quasi
1084 975 1149 1058 ipse
1173 975 1220 1038 in·

190 1093 334 1170 veneris,
366 1104 452 1175 turpe
474 1094 566 1155 loret.
604 1090 665 1156 Sed
693 1095 719 1156 si
744 1115 848 1157 verum
872 1095 997 1157 fatearis
1020 1094 1094 1157 baec
1117 1116 1220 1177 quam·
1278 1081 1285 1092 ’

189 1214 321 1276 maxime
344 1214 529 1288 afferuntur,
553 1223 587 1275 ut
608 1215 807 1290 refellantur,
832 1215 998 1297 quodcum
1027 1236 1044 1275 a
1067 1235 1219 1277 commen-
1285 1270 1288 1285 ,

190 1332 269 1396 tario
294 1354 362 1396 mco
384 1334 540 1396 exclusum
565 1334 623 1410 sit,
648 1354 736 1396 nemo
759 1333 872 1417 peritus
894 1332 1067 1409 mirabitur,
1092 1335 1220 1397 nonita

190 1473 281 1535 saepe
298 1452 424 1514 aliorum
441 1453 567 1515 inventa
583 1477 600 1516 a
617 1474 664 1515 mc
681 1474 749 1516 esse
769 1454 879 1517 relata.
904 1449 1036 1515 Omnino
1054 1474 1120 1516 eam
1136 1475 1218 1536 spem

190 1572 257 1634 sinc
273 1573 470 1654 arrogantiae
488 1574 614 1636 crimine
632 1574 802 1656 exprimere
819 1593 952 1656 possum,
977 1573 1007 1634 id
1024 1572 1163 1635 iudicium
1181 1574 1218 1636 de

179 1690 247 1752 ¹boc
271 1693 486 1754 commentario
511 1691 559 1754 Tc
581 1693 708 1755 laturum
733 1714 823 1769 esse,
855 1691 975 1774 Tuique
1000 1692 1133 1767 similes,
1158 1713 1220 1754 nou

190 1831 260 1874 asse
291 1831 359 1872 eum
389 1832 431 1874 cx
461 1811 587 1874 aliorum
619 1811 739 1874 scriniis
770 1812 979 1893 compilatum,
1013 1812 1067 1873 sed
1097 1811 1218 1894 proprio

189 1929 294 1993 labore
320 1929 485 1992 conditum.
516 1929 621 2013 Itaque
644 1930 799 2014 gaudebo,
824 1931 848 1992 si
865 1932 897 1992 iu
914 1951 950 1991 ao
967 1931 1113 2012 quaedam
1129 1932 1219 1995 allata

188 2047 349 2112 invenient
371 2043 444 2112 VV.
468 2046 558 2127 Dl).,
584 2072 660 2131 quae
677 2051 707 2111 in
724 2071 808 2112 suum
825 2070 910 2112 usum
928 2049 1072 2112 adbibere
1089 2049 1216 2131 possint.

188 2165 313 2251 Perlegi
329 2178 447 2243 antem,
474 2179 506 2230 ut
528 2171 584 2230 iam
603 2170 684 2244 dixi,
710 2171 844 2232 editores
861 2169 1048 2249 antiquiores
1065 2180 1096 2231 et
1111 2188 1218 2231 recen·

188 2286 303 2363 tiores,
330 2307 367 2347 ne
389 2288 458 2368 quid
480 2289 685 2369 negligerem,
720 2289 782 2350 lere
805 2310 931 2365 omnes,
956 2289 1034 2369 quod
1051 2289 1218 2352 taediosum

189 2425 264 2469 sane
282 2407 409 2469 officium
427 2406 496 2467 mibi
514 2406 654 2488 imposui.
672 2403 807 2486 Quorum
825 2407 851 2468 si
868 2407 1018 2469 neminem
1036 2404 1218 2469 Casaubouo

189 2527 423 2608 comparandum
454 2527 541 2602 dico,
573 2546 679 2588 omnes
711 2527 941 2589 consentientes
972 2526 1087 2601 babeo,
1121 2545 1218 2608 nequo

188 2656 291 2708 tamen
322 2645 444 2707 silentio
476 2645 645 2727 praeterire
673 2666 793 2728 possum
818 2645 880 2707 Th.
905 2644 1097 2721 Marcilium,
1131 2667 1217 2727 quem

189 2765 341 2848 oppressit
363 2765 557 2842 inimicitiae,
589 2785 674 2846 quam
704 2785 769 2826 cnm
800 2762 984 2828 Casaubouo
1007 2776 1037 2827 et
1058 2764 1218 2847 Scaligcro

190 2887 348 2959 exercuit,
381 2885 507 2946 invidia.
554 2881 585 2947 Is
616 2906 692 2947 vero
716 2886 747 2946 in
771 2886 1009 2963 commentario,
1041 2904 1217 2967 quamquam

187 3005 281 3067 multa
311 3006 414 3089 inepta
445 3016 475 3067 et
504 3004 603 3066 inutili
634 3004 772 3066 doctriua
804 3006 976 3086 congessit,
1013 3004 1092 3067 baud
1122 3025 1218 3087 pauca

187 3133 290 3186 tamen
313 3125 401 3186 docte
426 3135 457 3186 et
479 3124 595 3186 utiliter
617 3123 750 3200 monuit,
782 3134 814 3186 et
841 3123 913 3185 mibi
941 3143 1032 3205 saepe
1056 3122 1122 3185 usui
1150 3123 1216 3184 luit.

187 3241 408 3306 Recentiorum
425 3253 548 3324 praeter
564 3239 724 3324 lldnigium
741 3253 771 3304 et
787 3239 955 3319 Plumium,
980 3241 1065 3304 cuius
1090 3241 1218 3324 diligenu

129 3352 133 3363 “
188 3362 231 3424 tia
252 3363 283 3425 in
306 3362 397 3425 rebus
414 3361 582 3424 notioribus
605 3363 738 3424 maxime
763 3361 963 3444 perspicitur,
995 3357 1128 3423 Orellius
1153 3361 1218 3422 lero

188 3482 271 3554 solus
294 3481 437 3545 brevibus
462 3483 516 3545 sed
538 3502 611 3545 vere
636 3482 731 3544 doctis
755 3481 1002 3544 annotationibus
1023 3491 1119 3543 totum
1140 3477 1218 3542 Per-

188 3601 265 3674 sium
288 3602 469 3680 illustravit‚
496 3601 592 3665 ceteri
613 3601 749 3683 singulos
771 3602 855 3664 locos
877 3610 1067 3678 tractarunt,
1092 3620 1217 3682 qnorum

189 3721 357 3785 doctrinam
388 3722 511 3784 multum
542 3720 614 3783 mibi
644 3719 811 3803 proluisse,
843 3732 948 3802 gratus
973 3741 1120 3803 agnosco.
1160 3717 1219 3781 llic

189 3850 290 3905 autem
314 3843 350 3904 de
374 3841 489 3904 duabus
513 3840 605 3903 rebus
635 3839 770 3904 breviter
799 3840 871 3902 mibi
900 3841 1083 3902 monendum
1114 3837 1216 3902 video.

190 3957 228 4022 G.
247 3959 283 4022 F.
301 3961 380 4024 onim
399 3959 569 4024 Heinriobii
585 3959 713 4024 schedas
737 3971 769 4023 et
791 3960 1014 4042 praelectiones
1022 3959 1062 4020 'in
1077 3957 1218 4022 Persium

1203 4150 1247 4295 o

1248 4104 1259 4128 Ι
1300 4115 1303 4119 .
