2596 4612
116 365 198 441 ⁵nav
468 339 834 405 Pautaaouuttt.

142 513 193 581 uti
214 510 343 581 Persius
363 511 429 598 ipse
450 531 485 581 se
507 508 639 593 Lucilii,
662 508 803 589 Horatii,
830 519 920 592 atque
948 504 1092 591 antium
1112 528 1166 573 ea·

140 616 280 686 moadiae
301 614 424 683 Atticae
448 613 576 683 illustria
597 615 739 700 exempla
762 612 945 679 aemulatum
962 631 1032 679 esse
1047 610 1167 696 praell-

143 728 211 798 cat,
233 716 323 803 idque
338 729 487 802 quatenus
501 719 604 784 valeat
618 717 718 803 paullo
733 716 904 782 accuratius
920 713 1125 802 dispiciemus.

227 820 328 904 Atque
352 822 390 889 de
420 818 576 887 Luciliu
598 841 774 906 quamquam
801 829 871 903 pust
898 815 1066 889 novariam
1093 811 1164 881 VV.

141 920 213 986 111).
229 924 328 993 studia
349 931 361 968 ¹
382 925 473 1009 paulu
488 922 600 991 certius
615 934 717 1013 petest
737 921 862 989 iudicari
883 931 916 989 et
936 919 969 989 in
987 918 1164 991 uuiversum

175 1128 207 1181 te
232 1134 322 1196 satyra
346 1128 503 1194 Horatiana,
527 1131 554 1182 iu
572 1145 622 1196 qua
643 1130 726 1184 inulta
751 1129 840 1183 insunt
866 1127 999 1195 ingeniare
1022 1126 1164 1195 disputata.

175 1196 202 1247 in
219 1195 337 1248 Persium
355 1213 471 1251 severam
497 1213 651 1268 quamquam
673 1213 791 1264 maguum
815 1205 914 1266 partem
941 1196 1009 1249 tuutl
1032 1195 1110 1264 plane
1128 1194 1164 1247 in·

174 1265 270 1318 iustam
287 1281 422 1319 musarum
445 1269 516 1333 salt,
541 1266 573 1319 et.
593 1267 646 1334 lu.
666 1267 710 1320 tt.
730 1267 772 1320 70.
792 1265 815 1322 11
831 1284 857 1335 p.
876 1265 929 1322 att
940 1280 1013 1334 aaa·
1032 1264 1166 1317 1111111101

174 1333 229 1388 alie
253 1336 317 1388 haee
338 1336 476 1401 legunturr
504 1336 560 1390 Sed
583 1337 649 1405 qaia
670 1337 717 1388 iila
742 1351 826 1404 agas,
853 1337 904 1401 qai
925 1351 955 1387 ss
972 1334 1165 1403 archiatrum

173 1406 271 1468 verat,
296 1405 370 1470 quad
393 1422 446 1456 aaa
459 1411 554 1473 potest
576 1421 632 1456 erre
654 1408 754 1458 staini?
778 1408 843 1472 qai,
862 1407 889 1455 si
905 1403 958 1457 diis
970 1403 1065 1471 plaeet
1082 1406 1165 1469 atque

173 1471 345 1539 inmeritas„
356 1475 458 1540 splenis
474 1477 521 1525 sai
535 1473 736 1526 immodestiam
753 1473 943 1526 sommendat?
965 1470 1040 1538 quad
1054 1486 1089 1522 ns
1107 1472 1164 1537 qusi-

173 1539 233 1592 dsm
257 1542 321 1593 teni
337 1546 392 1595 utri
408 1549 466 1610 est,
492 1548 601 1596 tantam
617 1544 710 1608 abest,
736 1547 768 1593 at
787 1542 825 1596 acl
844 1547 959 1610 satyras
975 1541 1164 1609 Justieitatsss

173 1610 343 1676 requiratur.
362 1611 464 1663 Statim
477 1615 548 1663 enim
563 1615 592 1663 ia
600 1614 738 1679 primario
750 1614 790 1663 ita
807 1611 839 1663 de
850 1628 879 1661 ee
891 1615 966 1678 ipse:

269 1678 474 1746 Quidsaeiaml
489 1680 538 1732 sed
549 1697 608 1732 sam
619 1681 760 1747 petulanti
772 1681 861 1747 splene
879 1679 1019 1731 eaetinnn.

173 1746 262 1817 Quare
275 1753 418 1815 tantopere
431 1751 465 1801 ab
488 1753 654 1816 antiquitate
673 1749 875 1803 summensteten
888 1753 972 1801 amar
986 1763 1035 1801 aas
1044 1747 1165 1814 premit

173 1818 228 1876 tit,
254 1815 327 1882 quad
340 1817 435 1882 aetas,
460 1834 545 1885 aeaeae
559 1821 704 1886 qaisquam
723 1821 814 1873 minas
823 1821 970 1889 praestat,
996 1831 1078 1885 qaam
1091 1812 1165 1882 qaod

113 1949 115 1952 y
167 1887 319 1950 premisit.-
337 1891 366 1938 et
377 1889 405 1936 si
413 1891 618 1952 praestitisset,
636 1892 749 1955 satyrae
759 1887 934 1940 limaturae
947 1885 1066 1952 lepidam
1076 1884 1164 1949 festi·

140 1979 142 1983 ·
171 1956 287 2005 uitatem
312 1969 345 2006 aa
370 1957 518 2021 urbanam,
545 1973 577 2008 ea
600 1956 775 2022 manneae,
802 1971 884 2022 qaam
905 1958 934 2007 ia
956 1970 985 2007 se
1004 1953 1163 2022 permitat,

171 2026 362 2088 manage-assas
374 2028 459 2075 esset:
480 2029 553 2077 aitra
565 2029 644 2077 euius
658 2025 742 2092 leges,
760 2028 1020 2090 nataraimperaate
1034 2024 1161 2091 atgerio,

154 2093 306 2143 'amittit
336 2091 389 2144 Sed
408 2094 458 2145 iae
478 2095 563 2160 plane
585 2099 627 2146 est
643 2087 822 2162 μειρακιῶδες
847 2098 874 2144 et
894 2092 1054 2158 indignum,
1085 2092 1162 2142 enias

171 2161 304 2212 iateatar
314 2165 399 2214 retia.
422 2162 549 2217 Nondum
563 2167 633 2217 sarta
648 2163 780 2216 iaiieiam
788 2164 969 2229 formaverat
986 2165 1015 2212 et
1029 2163 1162 2228 interpra-

171 2231 301 2280 tatianam
309 2230 412 2287 indicia
425 2234 590 2285 subiecerat.-
606 2249 675 2300 qaae
683 2246 783 2299 parere
795 2232 849 2296 ieie,
865 2247 917 2283 nan
926 2233 1061 2297 imperare
1073 2228 1159 2280 debet.

174 2294 247 2348 Unde
267 2302 296 2347 et
314 2301 490 2350 marinaeus
504 2306 589 2366 parte
605 2302 774 2352 atsearitas:
795 2314 863 2366 qaae
879 2299 1040 2366 pleramque
1060 2299 1094 2348 at
1109 2299 1161 2349 rin·

170 2365 317 2418 beatitate
335 2371 436 2418 aetatis
462 2374 513 2421 aat
533 2373 638 2435 ingenii
660 2375 712 2422 sat
735 2369 843 2435 deserta
865 2370 997 2420 emmonis
1019 2368 1162 2433 prafieisei

169 2433 250 2485 salet.
270 2433 298 2484 lu
310 2435 404 2502 quibus
415 2451 567 2504 quamquam
583 2438 705 2506 quaedem
724 2438 926 2489 declamatorem¹
938 2437 1058 2505 sapiunt,
1078 2435 1161 2486 mults

168 2509 255 2553 tanuen
277 2511 349 2556 reete
372 2519 400 2555 se
423 2505 537 2570 halent;
563 2506 629 2557 idem
654 2506 699 2558 ubi
722 2521 768 2572 per
790 2506 893 2570 singula
916 2504 1000 2557 Persii
1018 2517 1160 2555 ammonet

168 2577 244 2623 trust
260 2571 293 2636 (ll
312 2589 337 2642 p.
357 2574 405 2629 231
420 2573 505 2641 squ),
525 2576 652 2641 permulta
674 2577 776 2643 qutiens
795 2582 884 2640 aperte
901 2575 1058 2636 ravillutur3
1082 2587 1161 2640 quse·

169 2639 497 2693 damtameureetemuuet·
517 2643 914 2710 Nequemultaluauorlfiaentius
931 2641 1098 2707 li‘n'uigius
1116 2641 1158 2708 (sle

168 2709 250 2759 satira
276 2709 346 2761 llum.
374 2727 403 2778 p..
424 2712 457 2764 to
470 2713 539 2778 sqq.)
562 2720 589 2763 et
611 2713 720 2765 Mansa
744 2712 880 2777 (Charukt.
907 2712 934 2762 (l.
957 2726 1032 2763 veru·
1051 2709 1160 2762 Dieluter

89 2807 93 2814 ·
166 2793 192 2844 p.
211 2779 242 2831 81
257 2778 326 2846 sqq.)
352 2780 383 2832 sle
407 2779 496 2833 Persia
522 2780 648 2834 iulieaut.
678 2779 765 2845 Lange
787 2781 866 2833 aliter
890 2781 1017 2833 iniiasvit
1034 2779 1066 2829 te
1083 2785 1159 2847 partu

168 2853 268 2914 nestra,
278 2863 361 2914 vquem
369 2850 559 2912 maximeleeit,
578 2851 778 2913 passerius,
798 2850 842 2969 gui
860 2850 1015 2900 sententium
1030 2863 1103 2900 suum
1117 2849 1159 2899 lu·

166 2916 241 2966 veuls
265 2924 327 2968 tune
351 2925 378 2968 et
401 2933 417 2969 n
440 2918 642 2984 Sslulegelinrum
666 2919 776 2972 mutue
816 2919 935 2984 iselpllua
959 2933 1049 2969 reeens
1073 2917 1158 2968 insius

166 2985 308 3050 exutieavit
326 2987 361 3054 (p.
376 2988 409 3040 88
422 2987 506 3055 aaa),
531 2997 558 3041 et
580 3005 639 3043 eura
666 3004 697 3040 eu
721 2989 747 3043 iu
772 2988 905 3055 plerisque
922 2988 1052 3040 censentit
1071 2985 1104 3038 G.
1122 2985 1155 3037 ll.

166 3051 329 3107 Weberus
341 3056 637 3120 (limigrautu.Stailer
653 3073 678 3125 p.
694 3056 744 3110 167
756 3057 837 3124 sqq.).
855 3055 1001 3108 Notandum
1019 3061 1060 3105 est
1077 3056 1158 3109 estun

166 3121 331 3176 Meisteri
350 3125 492 3191 iudicium,
510 3128 554 3194 qui
572 3128 638 3178 mira
655 3127 763 3194 quadarn
782 3140 868 3178 amore
886 3132 964 3192 atque
982 3125 1078 3191 impetu
1096 3123 1157 3179 Per·

164 3191 232 3241 siuns
250 3194 381 3259 amplexus
400 3202 449 3260 est,
469 3203 496 3246 et
513 3212 553 3259 en,
572 3196 614 3262 qui
633 3202 761 3247 enatares
779 3196 865 3259 (leret,
884 3193 1061 3246 enthusiasmu
1080 3192 1112 3244 sle
1126 3208 1157 3244 eu

164 3260 299 3311 iudicavit.
328 3262 406 3328 ldem,
425 3265 447 3315 si
466 3265 571 3315 nimium
589 3265 723 3329 detrahas,
741 3264 960 3331 quartanarum
978 3269 1004 3314 et
1022 3262 1158 3326 degentes

165 3327 318 3394 disputavit.
337 3331 392 3382 Hue
409 3334 523 3399 pertinet
539 3333 658 3387 ultimum
676 3333 733 3384 eius
751 3333 903 3400 opuseulum
921 3328 1157 3398 (Leiria-Studien

164 3396 228 3446 iiber
253 3398 286 3451 A.
312 3398 417 3452 Persius
439 3400 557 3455 Flaccus.
583 3401 655 3467 Ltus.
676 3400 772 3467 1812),
797 3401 860 3453 diss.
880 3399 891 3451 l
908 3407 935 3451 et
951 3397 984 3451 ll.
1015 3398 1105 3468 Nuper
1121 3397 1153 3452 (t.

162 3465 364 3539 Bernhardy
381 3469 535 3536 (Grauiriss
554 3471 579 3522 (l.
598 3469 671 3523 li'o'm.
690 3469 756 3525 Lim,
774 3486 799 3538 p.
818 3467 869 3525 247
881 3469 933 3538 sq.)
952 3467 1069 3520 brevlter
1083 3484 1158 3521 arer-

163 3533 221 3585 laur
246 3535 277 3587 sle
302 3536 391 3590 Persia
416 3539 572 3595 senteutiam
597 3539 677 3601 tulit;
711 3554 792 3606 neque
816 3537 906 3594 utilius
932 3537 1079 3603 iudicavit,
1110 3538 1157 3605 qui

162 3603 278 3655 Persium
297 3622 354 3658 aum
372 3607 479 3660 Horatio
497 3607 656 3677 comparavit
673 3607 818 3659 Reiuius
836 3607 914 3674 (disp.
930 3607 961 3657 tle
974 3607 1069 3659 studiis
1082 3606 1153 3658 hum.

161 3688 187 3738 p.
200 3671 313 3726 XXXll.
333 3674 395 3728 Ger.
411 3674 503 3738 183⁹),
524 3692 678 3744 quamquam
694 3677 717 3727 is
735 3677 831 3728 leviter
847 3691 901 3728 rem
920 3675 1017 3740 tetigit.
1046 3672 1155 3729 Libram

162 3755 177 3790 u
196 3741 316 3794 Diibneuo
333 3744 467 3796 laudatum
484 3743 727 3811 charisimi,
752 3745 830 3800 llssai
853 3760 900 3797 sur
916 3744 943 3812 la
961 3745 1043 3797 satire
1058 3744 1154 3797 Latine

161 3808 271 3873 (Geaev.
292 3813 385 3880 1829),
405 3829 454 3864 uun
472 3813 537 3864 vidi.

92 3948 93 3952 ,
127 3901 140 3950 1
159 3895 222 3948 Post
238 3897 340 3952 Dnusue
357 3913 445 3951 eurum
456 3899 573 3963 neglecta
584 3898 639 3951 iere
651 3901 771 3954 insultant
782 3900 877 3956 Lueilii
890 3900 1053 3966 fragmenta,
1071 3902 1154 3952 donee

161 3966 233 4016 luisse
260 3968 336 4020 suuis
366 3965 424 4020 VV·
446 3966 502 4022 ut).
527 3969 641 4023 studium
662 3972 833 4024 sustiterunt.
879 3970 919 4024 Cf.
944 3969 964 4023 1.
983 3971 1016 4022 Α.
1036 3969 1068 4022 C.
1087 3985 1150 4021 vsa

160 4035 298 4088 {lenate
326 4036 414 4093 antia
444 4036 538 4095 unitim
563 4039 590 4095 iu
614 4037 644 4095 G·
669 4040 797 4099 Lustrum
825 4046 936 4109 paetum
969 4038 1044 4095 Trai.
1073 4041 1148 4096 1841.
