2596 4612
426 349 790 415 raonncounnl.
1099 375 1120 416 v

92 534 120 589 ι.
135 521 169 591 n
184 544 215 608 ,.
232 520 308 603 ιιι,
331 521 385 588 74.
409 521 484 602 aso
509 520 582 589 ιιι.
603 521 679 592 aro.
710 520 837 602 narrar,
856 522 927 588 no.
943 521 960 586 1
974 545 1004 608 p.
1021 520 1118 605 nou

91 629 156 692 iem
180 627 249 692 sive
269 627 432 712 genuinam
458 629 587 691 lormam
614 649 634 690 a
652 626 785 690 librariis
808 626 1000 691 obscuratum
1023 628 1122 691 credi-

91 750 181 806 mus,
213 729 279 794 sive
305 729 338 792 in
367 748 422 793 ore
451 729 553 814 populi
578 728 735 794 Romanas
768 727 976 813 Etruscosque
1007 731 1121 795 lormas

91 831 248 897 coaluisse
277 832 468 915 putabimus,
498 852 561 895 non
591 833 762 918 negandum
790 832 930 910 videtur,
965 832 1069 896 Audes
1091 842 1124 895 et

89 957 168 1021 gen.
185 933 304 1013 Aule,
324 935 375 1019 qui
395 938 429 998 in
444 936 513 999 cod.
530 931 556 996 F
573 935 663 999 etiam
678 946 816 1020 apparet,
839 946 874 998 ut
889 936 922 999 in
937 935 1006 1000 eod.
1023 933 1120 999 Bern.

91 1059 127 1102 n.
149 1036 218 1104 223
246 1039 304 1117 (ei.
335 1058 365 1121 p.
389 1036 453 1104 245
482 1059 515 1100 n.
540 1034 594 1121 1),
633 1035 800 1102 Etruscum
829 1038 969 1122 quiddam
998 1056 1121 1102 sonare.

91 1140 213 1225 Aperte
243 1139 409 1207 Etruscum
442 1160 557 1203 nomen
595 1139 675 1222 gerit
709 1137 812 1206 Persii
848 1153 947 1205 mater
982 1137 1123 1205 Fulvia

93 1241 310 1322 Sisennia,
333 1254 368 1307 ut
387 1242 505 1309 monuit
524 1242 584 1306 iam
604 1238 754 1306 Miillerus
778 1240 954 1324 (neruum
976 1264 1006 1327 p.
1029 1238 1120 1322 426).

95 1342 208 1428 Neque
231 1344 322 1411 nimis
342 1355 469 1428 argutus
491 1365 560 1409 esse
582 1344 709 1421 videor,
734 1364 802 1409 cum
823 1344 856 1407 in
878 1344 980 1428 parvis
1003 1343 1123 1426 quibus·

102 1447 165 1511 dam
186 1447 282 1512 rebus
304 1446 394 1511 buius
417 1445 540 1511 Tuscae
563 1445 691 1530 originis
706 1444 835 1529 vestigia
850 1466 1004 1528 agnosco,
1029 1445 1124 1511 veluti

98 1570 164 1622 ¹cnm
185 1549 296 1614 Arreti
319 1549 507 1634 potissimum
527 1571 644 1615 memor
665 1559 732 1626 est,
755 1548 807 1612 ubi
827 1548 1052 1634 municipalium
1073 1567 1124 1612 ae·

96 1652 201 1716 dilium
237 1654 349 1716 fastum
377 1661 464 1714 notat
491 1649 718 1735 (1‚129sq.)‚
753 1662 806 1716 aut
835 1650 970 1716 Tuscum
996 1662 1124 1716 stemma

96 1750 173 1834 (Ill,
196 1752 253 1836 29)
281 1754 333 1819 vel
360 1751 485 1819 Marsos
514 1752 706 1837 Umbrosque
741 1755 871 1820 clientes
900 1749 976 1837 (ΙΙΙ,
1001 1751 1043 1818 74
1058 1757 1122 1838 sq.)

95 1856 230 1940 exempli
256 1856 325 1921 loeo
350 1856 462 1935 ¹allert,
493 1857 594 1940 qualia
616 1878 672 1942 per
698 1878 733 1922 se
755 1856 835 1922 haud
857 1857 958 1943 magni
980 1856 1126 1921 momenti

94 1979 161 2023 non
186 1959 313 2042 indigna
335 1969 438 2023 tamen
458 1970 548 2036 snut,
583 1959 721 2044 adquae
744 1962 896 2026 attendas.
938 1960 1125 2044 Quamquam

94 2061 180 2126 enim
216 2058 250 2123 in
285 2061 461 2127 universum
499 2063 601 2128 omnia
636 2063 711 2130 satis
739 2063 968 2140 demonstrant,
1007 2062 1126 2127 Romae

95 2173 222 2251 poetam
249 2186 319 2230 esse
350 2168 543 2232 educatnm1
585 2166 686 2245 ibique
725 2184 793 2227 eum
829 2165 984 2249 accepisse
1020 2163 1126 2246 quibus

96 2266 256 2351 ingenium
286 2269 384 2333 aleret
415 2280 505 2352 atque
534 2265 670 2331 firmaret
697 2276 729 2330 et
763 2265 843 2330 unde
872 2277 976 2330 notam
1006 2267 1126 2351 scriptis

95 2371 164 2435 sois
179 2369 386 2454 imprimeret,
409 2381 512 2435 tomen
527 2389 648 2446 eorum,
672 2389 750 2452 quae
772 2389 848 2453 puer
861 2370 955 2449 vidit,
980 2370 1128 2434 memoria

96 2493 163 2537 non
185 2471 342 2550 exolevit,
366 2484 399 2538 et
419 2494 480 2536 non
502 2473 640 2556 quaesita
662 2472 808 2537 scribenti
829 2494 863 2537 se
879 2472 997 2537 obtulit.
1026 2470 1127 2537 Nobis

96 2594 176 2666 vero
198 2576 237 2637 ad
258 2575 424 2659 pleniorem
446 2576 603 2660 magisque
632 2574 765 2639 vividam
788 2585 897 2660 poetae
920 2573 1128 2658 cognitionem

96 2696 200 2760 neque
224 2678 297 2741 talia
318 2677 501 2761 negligenda
521 2688 604 2743 sunt.
641 2674 690 2741 lta
711 2678 790 2760 quod
814 2679 875 2757 ait,
907 2698 957 2755 se,
988 2677 1128 2741 sileres

99 2779 241 2859 deficiat,
278 2776 416 2842 Bovillas
445 2801 639 2844 accessurum
668 2779 769 2863 ibique
799 2780 888 2845 facile
920 2780 1051 2861 aliquem
1080 2779 1129 2841 in-

98 2891 265 2946 venturum
293 2879 367 2960 (Vl,
393 2878 471 2965 55),
506 2882 687 2967 intelligitur
722 2883 797 2946 illud
833 2881 971 2967 quidem,
1011 2881 1130 2946 etiamsi

100 2984 291 3061 nesciamus,
322 2983 465 3049 babuisse
494 3005 562 3049 eum
591 2984 717 3070 praedia
744 2984 777 3047 in
796 2985 848 3049 via
869 2984 988 3067 Appio,
1023 2983 1129 3066 paucis

101 3085 230 3150 millibus
253 3107 272 3149 a
294 3082 422 3152 Bovillis
447 3087 610 3166 distantia,
634 3072 690 3150 sed
714 3097 815 3148 tamen
839 3084 914 3148 baec
934 3085 1041 3167 notitia
1058 3105 1130 3147 con-

99 3191 180 3266 fert,
203 3198 238 3251 ut
267 3189 352 3272 quasi
380 3188 558 3254 familiarius
589 3211 657 3254 cum
683 3198 774 3273 poeta
803 3207 941 3271 agamus.
978 3184 1054 3251 Illuc
1078 3209 1128 3252 re·

98 3301 218 3356 vertor.
248 3289 376 3355 Persius
398 3292 490 3375 igitur
513 3313 555 3358 ex
584 3292 691 3357 ordine
714 3291 850 3374 equestri
871 3301 979 3367 natus,
1013 3290 1064 3375 qui
1085 3301 1131 3354 tot

99 3395 236 3462 illustres
258 3392 469 3459 Romanorum
493 3396 659 3481 scriptores
681 3392 856 3479 procreavit
873 3401 903 3472 ²,
926 3392 1076 3478 sangnine
1098 3404 1131 3457 et

99 3497 247 3562 affinitate
270 3498 357 3580 primi
379 3499 495 3563 ordinis
514 3499 589 3563 viris
606 3499 804 3573 coniunctus,
828 3497 910 3560 inter
926 3516 1000 3579 quos
1016 3496 1131 3559 eminet

99 3598 216 3666 Paetus
247 3599 408 3681 Thrasea,
440 3611 472 3664 et
499 3621 534 3666 re
563 3599 705 3665 familiari
732 3599 808 3664 satis
834 3598 934 3685 ampla
960 3599 1129 3664 instructus

106 3789 254 3849 lCuusee,
281 3804 343 3855 qnos
366 3788 486 3841 Rittcr
510 3789 590 3856 (spec.
617 3795 718 3842 annott.
744 3791 770 3840 in
788 3789 820 3839 Α.
839 3788 922 3840 Persii
940 3787 1029 3840 Flacci
1049 3796 1099 3838 sat.
1122 3787 1132 3838 l

136 3875 160 3924 p.
180 3859 295 3925 tosqq.)
318 3859 441 3924 protulit,
467 3865 496 3908 ut
514 3859 575 3909 inde
593 3858 725 3920 elllceret,
749 3857 867 3910 Persium
885 3859 981 3909 satiras
1000 3873 1059 3908 suas
1080 3872 1128 3906 non

137 3927 231 3979 llomae
250 3926 399 3994 scripsisse,
418 3928 463 3978 sed
476 3927 503 3977 iu
515 3927 638 3978 Etruriae
653 3929 761 3994 quodam
779 3927 885 3995 oppido,
905 3927 942 3979 ita
959 3927 1021 3979 mibi
1041 3925 1129 3979 viden·

136 4005 181 4047 tur
199 4003 361 4062 comparatae
381 4012 453 4061 esse,
472 4004 502 4047 ut
523 3997 588 4048 nibil
606 3997 667 4047 inde
684 3998 802 4050 concludi
817 3997 907 4065 possit.

105 4066 179 4121 2Cl.
199 4065 338 4119 Paldumns
356 4065 428 4120 nom.
446 4066 520 4120 llrot.
540 4083 565 4135 Ρ.
585 4067 665 4133 disq.
