2596 4612
136 355 238 399 arare
464 328 828 399 ‚Pdenucettnttm

135 501 182 576 liti
205 500 305 566 subito
326 517 380 564 ras
400 496 557 563 Romanas
584 497 692 583 pandi
715 499 849 566 carmine
876 499 1074 565 illustrandas
1103 498 1164 565 sili

137 614 277 681 sumant,
300 599 461 667 Lucanum
480 601 669 686 potissimum
690 602 887 686 respexisse,
915 623 1022 666 verum
1041 601 1165 667 videtur

135 708 164 770 is
185 717 287 770 tamen
309 704 348 767 ad
370 703 474 769 talium
495 714 653 788 poetarum
675 725 833 769 nnmerum
848 707 915 770 iure
930 703 1041 768 referri
1057 722 1161 788 posse.

136 806 218 880 Nam
235 805 321 870 initio
337 807 457 888 quidem
472 805 588 868 ludicra
605 816 720 869 tantum
736 809 905 892 composuit
917 819 946 883 1,
969 805 1068 870 donee
1082 806 1164 869 altos

138 909 260 994 spiritns
274 918 410 973 sumeret
425 908 464 971 ad
479 907 536 970 hoc
552 928 625 991 epos
641 908 842 971 condendum.
875 907 962 990 Quod
985 922 1165 990 quamquam

138 1033 274 1088 summo,
301 1021 390 1092 atque
413 1018 447 1072 nt
469 1007 634 1073 Suetonius
655 1008 796 1076 iuimicus
818 1008 946 1075 Lucano
969 1008 1030 1084 ait,
1060 1009 1164 1092 inepto

138 1115 246 1188 favore
262 1123 426 1198 exceptum
442 1121 510 1188 est,
535 1119 636 1174 tamen
658 1112 796 1195 graviter
819 1113 909 1176 etiam
925 1131 994 1178 esse
1009 1109 1165 1193 vitupera·

137 1225 200 1279 tum
216 1224 321 1277 notum
337 1224 385 1277 est
403 1220 426 1275 ².
458 1210 523 1276 lam
544 1213 623 1294 qnod
647 1213 684 1275 de
707 1235 744 1277 eo
764 1214 904 1277 iudicium
920 1213 988 1276 tulit
1003 1208 1165 1292 Quintilis·

138 1337 196 1380 nus
212 1313 271 1397 (X,
289 1314 321 1395 1,
337 1313 412 1391 90),
437 1335 508 1379 esse
531 1334 599 1378 enm
621 1315 780 1378 ardentem
801 1327 832 1379 et
847 1316 1031 1380 concitatum
1047 1324 1079 1378 et
1094 1332 1166 1378 sen·

137 1418 244 1482 tentiis
272 1416 491 1492 clarissimum,
525 1416 578 1480 sed
606 1416 701 1499 magis
730 1417 920 1496 oratoribus,
951 1436 1038 1499 quam
1066 1414 1167 1498 poetis

138 1518 335 1593 imitandum,
360 1517 434 1581 satis
451 1518 658 1594 demonstrat,
681 1539 742 1581 non
759 1519 892 1602 potuisse
916 1540 985 1583 enm
1008 1515 1166 1601 probaris

137 1617 268 1696 Persio,
290 1619 340 1701 qui
355 1618 626 1695 illnd'oratorinm,
650 1619 688 1682 ad
710 1621 865 1685 auditores
881 1619 1047 1704 captandos
1063 1628 1166 1702 aptum

139 1721 262 1786 dicendi
277 1741 395 1805 genus,
419 1730 603 1803 quantopere
618 1720 650 1783 in
666 1722 764 1805 poetis
781 1723 924 1806 temporis
939 1722 985 1786 sui
1000 1719 1165 1804 improbet,

139 1822 214 1890 satis
228 1822 374 1886 declarat.
398 1820 441 1889 Et
455 1821 528 1885 mihi
542 1820 661 1905 quidem
677 1843 817 1906 perquam
834 1823 998 1888 verisimile
1015 1832 1080 1898 est,
1103 1818 1166 1885 Pe-

138 1924 290 2000 tronium,
316 1924 366 2006 qui
381 1934 414 1986 nt
428 1924 460 1986 in
476 1921 575 1986 multis
591 1923 676 2000 aliis,
700 1925 743 1988 ita
766 1925 798 1988 in
814 1925 928 1989 iudicio
943 1926 980 1989 de
996 1923 1167 1988 studiorum

138 2025 283 2109 temporis
304 2025 351 2088 sui
370 2026 571 2108 perversitate
595 2027 720 2110 egregie
744 2048 811 2091 oum
832 2025 944 2106 Persio
968 2025 1125 2110 conspirat
1139 2031 1166 2102 ³,

141 2163 155 2216 1
174 2160 335 2213 Amatorinm
350 2177 452 2213 carmen
468 2162 574 2228 scripsit
593 2163 620 2212 in
641 2178 745 2215 uxorem
769 2162 865 2213 Pollam
880 2162 1077 2228 Argentariam,
1097 2160 1165 2210 Stat.

142 2285 147 2293 ‚
173 2230 238 2280 Silv.
254 2231 286 2294 ll,
306 2233 331 2293 t,
347 2233 426 2296 62sq.
446 2231 481 2281 cl.
499 2231 581 2297 praei.
602 2233 634 2282 ad
648 2231 782 2282 Meliorem
792 2232 928 2294 Atedinm,
948 2216 1169 2348 cnivomomor

173 2297 368 2349 initPaldamns
377 2297 460 2362 (item.
471 2298 544 2349 Erot.
561 2315 586 2365 p.
598 2300 632 2352 80
640 2301 712 2365 sq),
731 2303 775 2366 qni
791 2307 817 2350 at
828 2300 882 2350 loeo
896 2299 994 2349 Sidonii
1031 2294 1167 2364 polliceris

174 2367 243 2431 (epp.
258 2366 290 2429 ll,
305 2367 348 2430 te)
372 2381 420 2416 non
440 2374 511 2418 recta
531 2383 595 2417 usus
610 2375 659 2419 est.
690 2367 762 2428 inter
775 2368 886 2420 lascivos
900 2375 1006 2434 poetas,
1025 2380 1089 2431 qooa
1103 2381 1166 2418 enn-

172 2442 257 2489 marat
272 2434 372 2485 Plinius
389 2435 459 2500 (epp.
476 2432 511 2498 V,
526 2435 552 2494 3,
573 2434 601 2499 5)
623 2435 727 2487 Lucano
744 2445 802 2503 post
814 2437 937 2489 Senecm
949 2437 1032 2486 locum
1051 2436 1096 2486 dat
1108 2435 1166 2487 cod.

172 2503 250 2568 Prag.
270 2503 415 2553 adsimiles
425 2518 505 2566 nugas
520 2503 676 2568 pertinuerit
689 2506 862 2573 herojdum
881 2505 1076 2568 catalogus.
1095 2500 1167 2568 Quas

172 2572 310 2637 scripsisse
332 2572 444 2634 dicitnr,
472 2570 612 2622 fabulae
630 2573 781 2625 saiticae
799 2575 906 2625 inerunt
924 2573 1028 2625 iabulae
1046 2574 1072 2623 in
1090 2587 1165 2623 usum

144 2697 149 2710 ⁹
173 2641 386 2706 pantomimorum
405 2640 531 2705 scriptae,
551 2642 642 2707 quales
654 2642 821 2694 coniecerunt
839 2644 913 2695 Silo
932 2642 1167 2708 (Sen.aaas.p.-2l)

144 2767 147 2773 ,
172 2710 215 2760 cd.
239 2707 323 2774 Rip),
349 2716 376 2759 et
392 2707 531 2763 Statius
548 2709 615 2774 (lov.
640 2710 698 2775 Vll,
719 2713 776 2779 92).
808 2712 901 2762 Pacilo
924 2711 1022 2761 scitica
1039 2717 1081 2762 est
1097 2709 1166 2776 apud

175 2777 287 2829 Tertull.
305 2777 366 2826 adv.
385 2792 427 2840 go.
447 2793 531 2843 scorp.
547 2780 574 2829 8.

139 2845 215 2908 W·
231 2845 351 2896 Servium
374 2846 417 2904 (ad
431 2847 496 2896 Aen.
513 2846 610 2911 1‚382)
628 2847 704 2912 Quod
714 2852 805 2898 aretem
818 2848 955 2910 dicimus,
979 2862 1040 2897 eom
1054 2848 1167 2912 poetico

173 2918 235 2964 arte
248 2915 405 2980 proditori,
424 2930 456 2964 nc
474 2918 568 2980 aperta
585 2917 730 2965 lse'etoriom
738 2921 844 2981 ponat,
864 2921 967 2966 caetum
985 2920 1037 2964 est.
1052 2914 1167 2966 'duca-

173 2998 237 3036 aua
255 2999 371 3049 namque
391 2983 450 3034 ideo
474 2986 503 3035 ia
515 2998 625 3034 rrumoro
641 2989 788 3049 poetaram
815 3000 873 3034 assa
890 3000 944 3034 sion
962 2986 1082 3046 meruit,
1101 2985 1167 3048 prio

173 3051 435 3117 sideterdefrtoricm
447 3055 635 3118 composuisse,
649 3067 700 3103 noa
711 3068 817 3118 poema.
838 3053 934 3118 Quodsi
948 3051 1079 3115 lsidorns,
1098 3051 1167 3117 apud

174 3136 247 3184 quern
261 3121 348 3170 eadem
361 3121 499 3184 leguntur,
520 3121 581 3169 lraec
594 3136 693 3187 qnoque
707 3137 740 3171 ex
756 3121 878 3172 Suetonio
895 3122 985 3183 duxit,
1003 3135 1077 3185 quern
1091 3119 1169 3169 initio

174 3189 266 3254 capitis
285 3197 415 3238 auctorem
435 3188 524 3238 laudat
543 3187 623 3252 (Vlll,
640 3191 689 3252 7),
708 3204 905 3253 agnosceremus
926 3191 967 3240 hic
986 3204 1086 3254 qnoque
1109 3189 1167 3238 ains

173 3257 294 3306 acerbum
310 3256 341 3306 de
352 3255 454 3305 Lucano
466 3256 600 3306 iudicium.
626 3255 735 3309 Servius
748 3259 813 3310 aiios
829 3272 929 3325 qnoqae
948 3256 1080 3308 Lucanum
1096 3257 1168 3307 vitu·

140 3323 487 3454 apppppeqadquqeingq
512 3391 587 3442 docta
612 3399 639 3442 at
663 3393 776 3457 eleganti
797 3394 988 3446 dissertatione
1011 3391 1056 3456 (N.
1072 3391 1166 3443 libain.

173 3459 242 3511 illus.
259 3459 280 3509 li
291 3475 316 3525 p.
331 3460 428 3524 ddsqq.
446 3461 570 3525 idirqq.)
589 3459 821 3528 Petroninmfiaevo
842 3464 987 3516 Neroniano
1001 3461 1167 3512 vindicasses

174 3529 218 3594 qui
233 3543 288 3578 cnnr
305 3528 537 3591 demonstraverit,
551 3537 707 3596 quantopere
719 3530 831 3582 Senecae
845 3541 872 3582 et
883 3530 1003 3582 Petronio
1016 3531 1168 3593 conveniat,

172 3597 260 3646 nescio
271 3612 318 3646 cnr
330 3596 446 3647 omiserit
458 3596 585 3649 Persium.
612 3597 715 3664 Quanta
726 3601 762 3651 sit
776 3602 845 3652 inter
857 3607 995 3666 utrumqne
1010 3598 1167 3662 similitudo,

170 3665 214 3715 vel
231 3666 429 3716 commentarius
447 3680 517 3716 meaa
537 3667 632 3732 poterit
654 3669 851 3732 demonstrare,
877 3668 920 3718 ndi
940 3668 1091 3734 saepissime
1109 3682 1169 3719 enm

171 3733 289 3789 adhibui.
313 3733 432 3784 Ceteram
452 3735 627 3800 disquisitioni
647 3738 678 3787 de
699 3736 762 3798 iila,
782 3752 857 3802 qnam
877 3738 950 3787 modo
972 3736 1066 3800 tetigi,
1087 3750 1169 3789 cansa

172 3801 271 3852 Lucani
300 3809 377 3868 atque
396 3801 512 3854 Petronii
538 3812 660 3865 accurate
680 3812 758 3871 atque
786 3821 834 3873 per
858 3806 960 3870 singula
988 3805 1169 3856 instituendae

171 3870 280 3990 prolusit
293 3869 399 3923 Moess
408 3871 460 3923 ier
477 3872 503 3922 in
522 3874 754 3937 commentatione,
772 3890 836 3939 qnae
849 3890 906 3925 eam
920 3874 1030 3924 mulino
1044 3873 1168 3936 affertur,

188 3956 202 3989 e
220 3937 381 3991 Petronii
398 3948 512 4006 poemate
531 3942 562 3994 do
580 3941 650 3995 bello
668 3942 741 3995 civili
759 3942 949 4009 (Vrat.1842)·
969 3940 1052 4009 Quam
1065 3949 1096 3995 nt
1107 3956 1170 3995 mox

171 4005 309 4073 absolvat,
327 4009 465 4079 optandum
485 4016 536 4063 eet.
560 4056 562 4061 .
606 4037 609 4042 ·
