2596 4612
131 390 197 433 ιω
462 364 822 447 ruouncounua.

133 547 291 626 corruptos
310 523 413 602 mores
432 539 632 620 ostendebat,
655 536 869 624 rempublicam
890 547 1045 623 quantum,
1063 537 1096 601 in
1123 556 1159 602 se

133 659 327 727 corrumpere
356 639 557 723 censebatur,
588 641 639 705 ubi
666 641 791 726 quisque
811 634 1037 726 rempublicam
1068 638 1159 704 dietis

132 746 259 810 tectisve
281 744 389 809 iuvare
409 755 441 809 ct
463 745 629 809 defendere
651 745 783 831 primum
808 744 1002 826 ultimumque
1030 742 1161 808 officium

133 846 296 925 censebat,
320 857 353 911 et
373 848 574 931 quodcunque
595 846 781 912 existimavit
801 847 897 911 libero
918 864 975 908 ore
995 844 1160 928 eloqueba-

134 961 196 1014 tur.
227 947 317 1032 Quod
339 949 496 1014 censorin
517 949 715 1027 lustratione,
738 959 845 1012 oratur
859 948 890 1012 iu
906 949 992 1029 loro,
1020 946 1051 1012 id
1067 957 1158 1033 poeta

132 1052 164 1116 in
179 1052 281 1116 satiris
293 1051 549 1136 persequebatur,
573 1069 649 1134 quac
666 1050 811 1115 arustica
831 1051 997 1137 petulentia
1018 1060 1050 1115 et
1066 1051 1159 1116 caval-

131 1154 245 1220 lationc
266 1155 304 1218 ad
325 1154 437 1218 iustum
458 1136 568 1247 pccme
587 1153 747 1234 excultae,
773 1172 970 1238 quaecuuque
991 1172 1024 1216 se
1047 1162 1159 1240 poetae

132 1255 389 1340 circumspicienti
411 1255 605 1331 obtulerunt,
628 1257 721 1320 multu
744 1277 813 1321 eum
835 1256 976 1322 libertate
998 1255 1155 1320 notabant.

132 1357 220 1424 Talis
240 1359 296 1423 luit
317 1355 430 1424 Lucilii
451 1359 564 1438 satira,
595 1359 646 1441 qni
668 1358 803 1442 equestri
827 1358 1064 1439 ordinc'uatus,
1090 1378 1157 1424 cum

131 1462 254 1526 summis
269 1461 344 1525 viris
360 1453 504 1546 Scipione
519 1471 550 1525 et
564 1458 674 1525 Laelio
687 1460 818 1524 amicitia
834 1460 1032 1540 coniunctus,
1051 1480 1157 1525 eorum

64 1638 70 1648 ι
131 1563 164 1627 iu
184 1561 338 1646 republica
365 1562 602 1626 administranda
631 1572 733 1646 partes
760 1575 902 1642 secutus,
931 1563 1038 1646 quovis
1067 1560 1158 1627 modo

40 1685 41 1689 ¹
131 1685 237 1729 eorum
258 1663 417 1743 inimicos,
442 1684 517 1747 quos
539 1685 633 1750 prave
659 1646 692 1728 iu
712 1655 865 1748 republica
886 1664 1004 1728 versari
1019 1665 1155 1749 putabat,

130 1765 317 1852 impugnavit
338 1776 371 1830 et
391 1777 519 1830 cruento
540 1767 632 1831 deute
648 1766 807 1831 laceravit.
838 1765 922 1830 ldem
937 1766 1076 1851 quicquid
1093 1767 1157 1830 ani-

132 1868 295 1934 madvertit
309 1864 482 1951 corruptum
498 1878 528 1932 et
549 1867 756 1952 depravatum,
777 1868 842 1933 sire
857 1869 889 1931 in
904 1888 1020 1933 morum
1035 1856 1158 1935 luxuria

130 1971 197 2037 sire
212 1971 244 2035 in
259 1967 428 2035 litterarum
443 1971 567 2050 iudicio,
585 1981 810 2056 aggressusest
827 1980 858 2033 et
873 1981 906 2034 ut
914 1971 1066 2056 publicum
1075 1973 1157 2036 dam·

131 2096 202 2139 uum
223 2073 289 2160 igni
309 2075 452 2157 lerroque
473 2076 604 2140 sanavit.
636 2072 706 2157 Qua
725 2074 758 2136 in
779 2093 814 2136 re
837 2084 978 2157 quamum
993 2074 1076 2154 inter
1091 2075 1155 2141 cius

129 2177 255 2242 satiram
277 2185 308 2240 et
329 2177 482 2260 antiquam
504 2177 691 2244 comoediam
713 2176 884 2240 intercedat
898 2177 1090 2262 cognationis
1105 2198 1156 2263 pa·

130 2290 195 2358 tet,
219 2287 251 2342 et
272 2290 358 2342 recte
381 2279 418 2342 ab
439 2300 475 2344 ea
499 2280 633 2366 pendere
654 2279 753 2367 potuit
773 2279 851 2358 dini,
877 2280 927 2364 qui
948 2279 1020 2342 inde
1035 2280 1156 2364 potissi·

129 2400 210 2446 mum
238 2379 340 2443 bausit
367 2381 506 2464 quicquid
535 2383 609 2446 artis
638 2381 829 2467 perfectioris
857 2394 889 2447 ct
917 2382 1090 2468 elegantiae
1117 2380 1155 2446 ad

130 2482 206 2548 rude
228 2480 436 2547 Romanorum
460 2503 581 2548 carmen
604 2483 819 2569 expoliendum
843 2485 1029 2568 apportavit,
1053 2504 1154 2571 quam·

130 2596 218 2670 quam
234 2586 335 2650 multis
350 2582 416 2649 aliis
436 2586 527 2650 rebus
548 2597 580 2650 et
601 2585 694 2650 totius
715 2585 839 2671 generis
859 2587 956 2649 forma
970 2588 1097 2652 multum
1112 2586 1155 2651 di·

129 2708 239 2753 uersus
260 2696 282 2752 1.
306 2687 427 2752 Horatii
443 2709 540 2771 neque
556 2687 731 2772 ingenium,
755 2709 814 2754 nee
833 2698 970 2773 tempora
984 2690 1154 2755 libertatem

130 2791 324 2877 patiebantur
343 2791 470 2856 similem
493 2787 682 2854 Lucilianae.
712 2787 782 2876 lpse
805 2792 885 2856 enim
906 2792 1030 2855 multum
1046 2792 1151 2856 abbor-

129 2893 218 2958 rebat
232 2915 250 2958 a
265 2893 383 2959 fervido
399 2903 431 2958 et
445 2894 510 2958 acri
524 2889 633 2958 Lucilii
655 2893 799 2978 ingenio,
825 2893 996 2958 moderatus
1018 2895 1050 2958 in
1074 2894 1155 2959 omni

130 3017 165 3060 re
188 3006 277 3081 atque
298 2996 496 3080 tranquillus,
520 3016 618 3080 neque
640 2996 666 3060 is
687 3006 755 3060 erat
775 2997 958 3082 reipublicae
980 3006 1098 3079 status,
1121 3005 1154 3062 ut

131 3100 230 3163 omnia
254 3099 291 3163 ad
315 3100 380 3165 eius
407 3100 534 3165 salutem
555 3101 690 3178 referre,
714 3099 809 3162 malos
835 3100 918 3164 cives
945 3099 1081 3165 clamore
1109 3101 1154 3164 in·

130 3201 261 3278 sectari,
285 3212 318 3265 et
339 3202 462 3265 omuino
483 3201 579 3265 libera
600 3201 695 3267 verba
718 3202 832 3288 profari
855 3202 952 3286 magis
967 3223 985 3266 e
1000 3202 1154 3288 republica

130 3389 263 3444 10mitto
287 3391 313 3442 b.
337 3388 359 3441 l.
385 3389 559 3440 difficillimam
585 3396 612 3440 et
633 3389 769 3442 obscuram
794 3391 970 3457 quaestionem
996 3391 1030 3441 de
1053 3388 1155 3443 libia-

164 3459 285 3510 tbonio
311 3459 441 3509 comoedis
464 3458 654 3524 hexametrieu,
682 3475 759 3527 quam
785 3467 851 3512 teste
876 3459 912 3512 lo.
932 3459 1004 3528 Lydo
1022 3458 1066 3526 (da
1084 3475 1154 3527 mag.

162 3524 183 3590 1,
202 3527 248 3590 41)
265 3525 385 3578 Lucilius
402 3535 509 3577 secutus
526 3529 577 3592 sit,
596 3529 629 3580 cl.
649 3527 783 3592 lleuvens,
804 3529 862 3580 coll.
882 3545 907 3596 p.
927 3529 960 3580 de
973 3543 1029 3595 sqq.
1053 3526 1155 3588 Osann,

162 3596 244 3648 anull.
263 3598 323 3648 erit.
343 3612 368 3662 p.
383 3595 415 3647 69
428 3611 483 3662 sqq.
503 3595 615 3648 Lorentz
635 3599 666 3650 de
682 3598 738 3650 reb.
752 3613 820 3649 sacr.
836 3604 864 3649 et
875 3605 938 3648 artt.
951 3606 1016 3649 vett.
1031 3596 1153 3649 Tarcutt.

162 3682 186 3732 p.
201 3665 236 3718 28
248 3680 285 3731 sq.
313 3664 451 3716 Hermann.
472 3667 503 3716 de
521 3674 570 3718 sat.
590 3665 663 3718 Rom.
683 3675 753 3717 auct.
773 3683 798 3733 p.
813 3667 843 3718 31
859 3682 899 3733 aq.
926 3682 951 3717 v.
972 3666 1076 3717 Heusde
1093 3668 1115 3718 l.
1134 3666 1153 3717 l.

162 3750 188 3800 p.
208 3733 326 3800 illidoqq.
358 3733 522 3785 Petermuno.
545 3736 564 3786 1.
590 3737 608 3786 Ι.
636 3752 661 3804 p.
683 3736 767 3801 tesq.
803 3734 946 3787 Verborum
971 3728 1104 3800 κωμῳδία
1127 3742 1156 3785 et

161 3797 303 3868 κωμῳδεῖν
325 3803 404 3853 lutior
428 3803 584 3866 significatio
608 3811 635 3855 et
658 3803 766 3854 liberior
788 3820 849 3854 usus
875 3804 921 3869 (ol.
949 3803 1063 3855 bleiuek.
1088 3803 1154 3854 bist.

162 3873 223 3923 erit.
243 3888 307 3922 com.
326 3888 365 3936 gr.
386 3889 410 3938 p.
430 3872 480 3926 527
493 3873 562 3952 sq),
588 3873 656 3922 unde
677 3873 744 3937 apud
763 3873 889 3924 seriorum
908 3878 1050 3940 temporum
1068 3888 1156 3937 gram-

162 3942 288 4004 maticos,
314 3941 406 4006 quibus
432 3957 477 3992 uos
503 3949 615 4004 utimur,
647 3942 797 4005 praesertim
824 3941 867 3992 ubi
892 3939 1021 3994 Romanae
1046 3940 1155 3993 litterae

160 4025 216 4060 cum
243 4008 351 4061 Graecia
376 4017 577 4075 componuntur,
607 4023 706 4059 summa
729 4010 844 4060 conlusio
869 4018 926 4062 urta
950 4016 1006 4074 est,
1033 4012 1101 4063 banc
1126 4018 1155 4061 et

161 4079 259 4130 similes
277 4077 442 4146 quaestiones
460 4079 570 4131 manime
588 4076 733 4143 implicatus
751 4080 870 4130 reddunt.
