2596 4612
419 336 778 404 ructuantium.
1026 362 1115 438 mxxv

82 503 264 586 Lucanum,
281 502 319 568 'et
341 503 367 570 si
389 506 440 589 qui
462 508 575 573 similes
597 509 723 574 fluerunt
736 517 866 593 poetae,
890 517 964 571 noto
979 509 1047 579 looo
1064 529 1113 574 re·

84 608 228 693 spexisse
244 609 288 692 (o.
306 605 394 688 118).

169 708 271 775 Multo
292 710 384 775 etiam
406 711 505 776 miuus
528 708 638 776 Persio
661 713 829 779 couveuire
857 713 954 797 potuit
978 733 1045 786 cum
1068 709 1110 776 L.

81 813 247 878 Annaeo
272 807 447 891 Seneca,
471 835 559 896 quem
583 824 662 878 teste
686 815 749 878 vita
772 815 894 898 antiqua
909 836 981 879 sero
997 834 1113 900 cogno·

80 914 146 992 rit,
171 915 226 978 sed
242 934 303 979 oon
319 924 351 976 ut
366 925 529 999 caperetur
544 915 609 979 eius
624 915 761 1000 ingenio.
793 913 883 997 Quod
906 916 933 980 si
948 937 1011 979 nou
1026 915 1111 981 addi·
1135 976 1138 984 .

80 1026 146 1081 tum
161 1015 282 1094 luisset,
299 1016 374 1080 satis
390 1027 475 1081 certa
492 1017 666 1081 coniectura
675 1017 796 1100 assequi
809 1019 1023 1100 potuissemus,
1042 1038 1111 1081 cum

81 1118 120 1181 de
134 1117 293 1200 utriusque
309 1118 455 1202 iugenio,
472 1119 624 1196 moribus,
643 1119 798 1185 scribendi
812 1120 931 1183 ratione
946 1119 1110 1195 aestimare

79 1219 231 1304 possimus
250 1231 274 1282 ¹.
297 1218 386 1283 Haud
402 1219 490 1284 facile
506 1221 565 1284 duc
581 1220 639 1285 viri
656 1220 750 1302 magis
767 1218 881 1290 diversi
895 1242 965 1284 esse
981 1230 1111 1306 possunt

78 1321 174 1387 enimi
195 1321 298 1385 indole
320 1322 461 1405 vitaeque
481 1322 620 1411 ratione,
652 1341 740 1402 quam
760 1318 888 1385 Persius
913 1333 945 1385 et
975 1321 1109 1398 Seneca,

80 1434 112 1487 et
128 1433 230 1486 minen
244 1423 336 1486 iidem
349 1423 483 1491 eiusdem
498 1422 643 1507 temporis
658 1422 734 1486 lilios
750 1443 820 1486 sese
843 1423 999 1507 permultis
1014 1425 1109 1489 rebuu

78 1536 170 1608 atque
203 1524 347 1591 vitiorum
375 1526 467 1589 etiam
497 1523 712 1588 communitate
739 1525 882 1609 produnt.
920 1523 1033 1591 Nullus
1059 1536 1109 1593 eut

77 1627 230 1711 scriptor,
264 1627 315 1709 qui
343 1626 382 1690 ad
412 1636 496 1690 recte
524 1626 753 1710 intelligendum
781 1625 942 1705 Persium,
966 1628 1033 1692 sive
1061 1627 1108 1692 lo-

78 1728 193 1811 quendi
207 1747 323 1811 genus,
350 1727 416 1792 sive
439 1748 491 1792 res
512 1728 550 1792 ab
566 1749 604 1793 eo
620 1727 808 1814 descriptas,
830 1729 897 1794 sive
913 1741 1007 1795 totam
1022 1731 1107 1813 cogi·

76 1830 162 1895 tandi
178 1829 328 1895 rationem
343 1840 482 1915 spectes,
498 1841 615 1895 tantum
630 1834 782 1908 conserat,
803 1842 946 1914 quantum
963 1829 1107 1897 Senecas

77 1943 109 1997 et
131 1942 234 2000 tanen
254 1931 388 1996 maxima
411 1931 494 1995 iuter
520 1943 680 2017 utrumque
710 1943 758 1999 est
785 1933 901 2018 iugeuii
931 1933 1114 2002 diversitos,

76 2031 166 2117 Quae
182 2033 215 2096 in
232 2033 269 2097 iis
284 2033 392 2098 studiis
407 2034 459 2098 vel
474 2034 606 2098 maxime
623 2035 776 2111 cernitur,
794 2054 871 2116 quae
887 2033 1006 2117 utrique
1023 2055 1105 2098 com·-

75 2135 182 2199 munia
195 2145 278 2210 sunt,
296 2133 515 2220 philosophiam
531 2135 600 2200 dico
616 2135 754 2199 stoicam.
782 2131 903 2199 Seneca
919 2135 1000 2199 enim
1016 2156 1107 2219 egre·

75 2238 128 2322 gin
141 2259 162 2301 a
178 2246 288 2301 natura
303 2235 404 2301 indole
420 2236 592 2321 praeditus,
610 2237 726 2301 stoicae
742 2235 967 2322 philosophiae,
985 2246 1017 2300 ut
1033 2247 1105 2302 tuuc

74 2341 143 2405 lore
159 2338 296 2423 optimus
319 2338 462 2422 quisque,
495 2348 591 2402 totum
613 2359 648 2404 se
673 2339 756 2403 dedit
771 2348 803 2403 et
828 2341 953 2410 lervore
976 2339 1105 2420 quodam

74 2438 210 2506 naturali
226 2462 293 2505 eam
309 2440 567 2525 amplectebatur,
590 2440 632 2506 ita
654 2451 688 2504 ut
702 2441 832 2506 ethicam
847 2441 1035 2525 potissimum
1051 2461 1105 2507 co-

74 2545 168 2610 leret.
200 2540 316 2607 Verum
331 2565 397 2608 cum
415 2553 497 2607 esset
512 2543 541 2606 ci
556 2543 633 2606 felix
648 2554 680 2609 et
694 2544 806 2612 laetum
822 2543 998 2625 ingenium,
1024 2541 1105 2624 quod

74 2650 167 2716 facile
183 2647 292 2713 uberes
308 2647 461 2732 proferret
474 2646 611 2724 fructus,
636 2668 703 2711 oum
725 2646 875 2730 gauderet
898 2665 935 2708 ea
950 2643 1044 2707 animi
1058 2643 1103 2722 vi,

76 2772 155 2836 quae
170 2751 312 2835 quid-pro
328 2768 506 2832 quacunque
528 2769 563 2813 re
585 2748 645 2814 dici
661 2757 783 2832 posset,
807 2767 875 2810 oum
895 2745 1034 2826 acumine
1051 2745 1105 2810 de·

74 2863 217 2938 tegeret,
241 2851 464 2917 cumlacuudia
488 2861 679 2935 exponeret,
703 2849 751 2913 his
775 2848 849 2932 ipsis
870 2847 1008 2926 dotibus,
1031 2847 1104 2912 rhe-

74 2956 173 3020 torica
188 2953 344 3039 disciplina
361 2951 525 3037 diligenter
539 2949 690 3027 excultis,
714 2940 838 3014 mirifice
854 2949 965 3013 abusus
981 2959 1045 3025 est,
1071 2958 1103 3013 et

74 3057 184 3142 partim
198 3056 293 3121 nimio
309 3057 433 3120 fervore
447 3054 610 3137 abreptus,
634 3052 742 3138 partim
765 3049 880 3134 gloriae
901 3049 1040 3132 cupidine
1056 3060 1103 3112 at·

74 3179 133 3244 que
153 3158 281 3243 quadam
304 3156 397 3220 animi
416 3156 540 3226 lascivia
561 3157 723 3232 seductus,
747 3150 881 3236 speciem
910 3148 1005 3234 magis
1034 3149 1102 3213 veri

73 3273 166 3345 atque
193 3259 406 3344 splendorem,
431 3279 518 3342 quam
548 3258 642 3341 ipsam
665 3254 827 3321 veritatem
853 3251 1015 3335 quaesivit.
1052 3248 1102 3316 Ita

72 3365 124 3442 lit,
149 3373 184 3428 ul
207 3361 343 3448 quamvis
365 3360 482 3424 acriter
501 3371 533 3425 ct
554 3360 678 3445 copiose
700 3354 880 3441 disputando
902 3353 1101 3436 vixuuquem
1215 3398 1222 3412 .

71 3467 278 3552 persuadeat,
314 3466 404 3531 immo
432 3486 471 3529 ne
499 3461 633 3527 voluisse
660 3459 780 3544 quidem
808 3457 950 3522 videatur
975 3475 1100 3539 persua·

72 3569 167 3647 dere,
196 3570 252 3634 sed
277 3569 340 3637 vim
359 3564 592 3652 argumentandi
614 3565 714 3649 potius
741 3572 773 3624 et
800 3558 981 3642 elegantiam
1009 3557 1101 3622 mira·

70 3669 173 3734 bondo
195 3670 305 3735 lectori
326 3670 509 3744 ostendere,
538 3676 572 3731 ut
593 3665 654 3728 late
676 3664 837 3749 splendeat
858 3660 957 3725 oratio
980 3659 1047 3723 eius
1070 3667 1101 3720 et

70 3771 226 3838 illecebris
242 3772 417 3856 quibusdam
433 3769 637 3856 permulceat,
661 3763 824 3838 masculam
846 3763 908 3829 vim
922 3760 1100 3845 iugenuam,-

70 3959 84 4013 l
105 3957 144 4011 lte
155 3957 257 4013 Seneca
270 3957 305 4010 cl.
320 3958 350 4010 ll.
362 3957 458 4022 Ritter,
479 3955 573 4010 oecon.
586 3955 613 4008 d.
630 3952 697 4006 Phil.
711 3946 734 4005 t.
750 3948 786 4004 lV
798 3965 823 4017 p·
840 3949 891 4007 182
900 3962 955 4014 sqq.
976 3940 1099 4003 Gerlnelr,

106 4026 208 4080 liittor.
228 4027 303 4079 Stud.
318 4043 343 4095 p.
358 4028 407 4084 271
423 4041 479 4094 sqq.
1063 4080 1065 4084 ¹

851 4083 890 4145 c*
