<?xml version="1.0" encoding="UTF-8"?>
<!DOCTYPE html PUBLIC "-//W3C//DTD XHTML 1.0 Transitional//EN"
    "http://www.w3.org/TR/xhtml1/DTD/xhtml1-transitional.dtd">
<html xmlns="http://www.w3.org/1999/xhtml" xml:lang="en" lang="en">
 <head>
  <title>
</title>
<meta http-equiv="Content-Type" content="text/html;charset=utf-8" />
  <meta name='ocr-system' content='tesseract 3.04.00' />
  <meta name='ocr-capabilities' content='ocr_page ocr_carea ocr_par ocr_line ocrx_word'/>
</head>
<body>
  <div class='ocr_page' id='page_1' title='image "aulipersiiflacc00persgoog_0011.png"; bbox 0 0 2596 4612; ppageno 0'>
   <div class='ocr_carea' id='block_1_1' title="bbox 133 1204 1245 2841">
    <p class='ocr_par' dir='ltr' id='par_1_1' title="bbox 133 1204 1245 2841">
     <span class='ocr_line' id='line_1_1' title="bbox 220 1204 1165 1296; baseline 0.005 -25"><span class='ocrx_word' id='word_1_1' title='bbox 220 1204 360 1274; x_wconf 82' lang='lat' dir='ltr'>Tandem</span> <span class='ocrx_word' id='word_1_2' title='bbox 389 1208 551 1292; x_wconf 87' lang='lat' dir='ltr'><strong>aliquando</strong></span> <span class='ocrx_word' id='word_1_3' title='bbox 582 1231 762 1276; x_wconf 88' lang='lat' dir='ltr'><strong>eoncessum</strong></span> <span class='ocrx_word' id='word_1_4' title='bbox 791 1211 864 1277; x_wconf 92' lang='lat' dir='ltr'><strong>mibi</strong></span> <span class='ocrx_word' id='word_1_5' title='bbox 895 1224 959 1290; x_wconf 91' lang='lat' dir='ltr'><strong>est,</strong></span> <span class='ocrx_word' id='word_1_6' title='bbox 1004 1212 1082 1296; x_wconf 91' lang='lat' dir='ltr'><strong>quod</strong></span> <span class='ocrx_word' id='word_1_7' title='bbox 1114 1211 1165 1277; x_wconf 90' lang='lat' dir='ltr'><strong>diu</strong></span> 
     </span>
     <span class='ocr_line' id='line_1_2' title="bbox 133 1328 1166 1411; baseline 0.006 -23"><span class='ocrx_word' id='word_1_8' title='bbox 133 1329 298 1411; x_wconf 77' lang='lat' dir='ltr'><strong>exoptavi,</strong></span> <span class='ocrx_word' id='word_1_9' title='bbox 329 1339 362 1392; x_wconf 88' lang='lat' dir='ltr'><strong>nt</strong></span> <span class='ocrx_word' id='word_1_10' title='bbox 388 1328 498 1392; x_wconf 88' lang='lat' dir='ltr'><strong>librum</strong></span> <span class='ocrx_word' id='word_1_11' title='bbox 526 1329 606 1394; x_wconf 83' lang='lat' dir='ltr'><strong>burte</strong></span> <span class='ocrx_word' id='word_1_12' title='bbox 627 1331 666 1394; x_wconf 91' lang='lat' dir='ltr'><strong>ad</strong></span> <span class='ocrx_word' id='word_1_13' title='bbox 693 1329 742 1394; x_wconf 80' lang='lat' dir='ltr'><strong>Te</strong></span> <span class='ocrx_word' id='word_1_14' title='bbox 761 1332 934 1411; x_wconf 75' lang='lat' dir='ltr'><strong>mitterem,</strong></span> <span class='ocrx_word' id='word_1_15' title='bbox 963 1332 1077 1396; x_wconf 89' lang='lat' dir='ltr'><strong>amoris</strong></span> <span class='ocrx_word' id='word_1_16' title='bbox 1104 1331 1166 1397; x_wconf 87' lang='lat' dir='ltr'><strong>mei</strong></span> 
     </span>
     <span class='ocr_line' id='line_1_3' title="bbox 135 1445 1165 1531; baseline 0.004 -21"><span class='ocrx_word' id='word_1_17' title='bbox 135 1467 207 1531; x_wconf 85' lang='lat' dir='ltr'><strong>erga</strong></span> <span class='ocrx_word' id='word_1_18' title='bbox 223 1445 273 1512; x_wconf 85' lang='lat' dir='ltr'><strong>Te</strong></span> <span class='ocrx_word' id='word_1_19' title='bbox 288 1459 378 1531; x_wconf 87' lang='lat' dir='ltr'><strong>atque</strong></span> <span class='ocrx_word' id='word_1_20' title='bbox 393 1449 605 1514; x_wconf 85' lang='lat' dir='ltr'><strong>venerationis</strong></span> <span class='ocrx_word' id='word_1_21' title='bbox 621 1450 838 1513; x_wconf 87' lang='lat' dir='ltr'><strong>testimonium.</strong></span> <span class='ocrx_word' id='word_1_22' title='bbox 870 1448 952 1514; x_wconf 92' lang='lat' dir='ltr'><strong>Nam</strong></span> <span class='ocrx_word' id='word_1_23' title='bbox 975 1471 1018 1514; x_wconf 88' lang='lat' dir='ltr'><strong>ex</strong></span> <span class='ocrx_word' id='word_1_24' title='bbox 1040 1470 1077 1514; x_wconf 96' lang='lat' dir='ltr'><strong>eo</strong></span> <span class='ocrx_word' id='word_1_25' title='bbox 1092 1449 1165 1515; x_wconf 86' lang='lat' dir='ltr'><strong>inde</strong></span> 
     </span>
     <span class='ocr_line' id='line_1_4' title="bbox 134 1564 1164 1654; baseline 0.006 -26"><span class='ocrx_word' id='word_1_26' title='bbox 134 1576 289 1650; x_wconf 89' lang='lat' dir='ltr'><strong>tempore,</strong></span> <span class='ocrx_word' id='word_1_27' title='bbox 319 1587 417 1649; x_wconf 88' lang='lat' dir='ltr'><strong>quoa</strong></span> <span class='ocrx_word' id='word_1_28' title='bbox 441 1566 489 1631; x_wconf 83' lang='lat' dir='ltr'><strong>Te</strong></span> <span class='ocrx_word' id='word_1_29' title='bbox 512 1569 545 1631; x_wconf 96' lang='lat' dir='ltr'><strong>in</strong></span> <span class='ocrx_word' id='word_1_30' title='bbox 565 1569 762 1634; x_wconf 88' lang='lat' dir='ltr'><strong>seminarium</strong></span> <span class='ocrx_word' id='word_1_31' title='bbox 789 1568 1002 1654; x_wconf 84' lang='lat' dir='ltr'><strong>pbilologieum</strong></span> <span class='ocrx_word' id='word_1_32' title='bbox 1021 1564 1164 1654; x_wconf 81' lang='lat' dir='ltr'><strong>reo&#39;eptus</strong></span> 
     </span>
     <span class='ocr_line' id='line_1_5' title="bbox 135 1686 1164 1774; baseline 0.006 -26"><span class='ocrx_word' id='word_1_33' title='bbox 135 1705 214 1765; x_wconf 90' lang='lat' dir='ltr'><strong>sum,</strong></span> <span class='ocrx_word' id='word_1_34' title='bbox 238 1706 305 1749; x_wconf 90' lang='lat' dir='ltr'><strong>cum</strong></span> <span class='ocrx_word' id='word_1_35' title='bbox 321 1687 423 1750; x_wconf 88' lang='lat' dir='ltr'><strong>statim</strong></span> <span class='ocrx_word' id='word_1_36' title='bbox 438 1686 659 1771; x_wconf 77' lang='lat' dir='ltr'>intelligerem,</span> <span class='ocrx_word' id='word_1_37' title='bbox 683 1689 758 1752; x_wconf 85' lang='lat' dir='ltr'>nihil</span> <span class='ocrx_word' id='word_1_38' title='bbox 774 1688 947 1774; x_wconf 79' lang='lat' dir='ltr'><strong>exoptatius</strong></span> <span class='ocrx_word' id='word_1_39' title='bbox 962 1688 1035 1753; x_wconf 90' lang='lat' dir='ltr'><strong>mibi</strong></span> <span class='ocrx_word' id='word_1_40' title='bbox 1049 1689 1164 1773; x_wconf 90' lang='lat' dir='ltr'><strong>potuis·</strong></span> 
     </span>
     <span class='ocr_line' id='line_1_6' title="bbox 135 1805 1164 1887; baseline 0.007 -21"><span class='ocrx_word' id='word_1_41' title='bbox 135 1824 166 1868; x_wconf 88' lang='lat' dir='ltr'><strong>se</strong></span> <span class='ocrx_word' id='word_1_42' title='bbox 195 1807 377 1887; x_wconf 87' lang='lat' dir='ltr'><strong>contingere</strong></span> <span class='ocrx_word' id='word_1_43' title='bbox 406 1806 444 1869; x_wconf 91' lang='lat' dir='ltr'><strong>ad</strong></span> <span class='ocrx_word' id='word_1_44' title='bbox 473 1805 617 1872; x_wconf 86' lang='lat' dir='ltr'><strong>iudicium</strong></span> <span class='ocrx_word' id='word_1_45' title='bbox 647 1807 815 1871; x_wconf 89' lang='lat' dir='ltr'><strong>acuendum</strong></span> <span class='ocrx_word' id='word_1_46' title='bbox 838 1818 870 1872; x_wconf 88' lang='lat' dir='ltr'><strong>et</strong></span> <span class='ocrx_word' id='word_1_47' title='bbox 893 1807 1053 1886; x_wconf 90' lang='lat' dir='ltr'><strong>alendum,</strong></span> <span class='ocrx_word' id='word_1_48' title='bbox 1088 1808 1164 1873; x_wconf 92' lang='lat' dir='ltr'><strong>nibil</strong></span> 
     </span>
     <span class='ocr_line' id='line_1_7' title="bbox 134 1922 1164 2010; baseline 0.006 -25"><span class='ocrx_word' id='word_1_49' title='bbox 134 1922 315 1987; x_wconf 73' lang='lat' dir='ltr'><strong>fructuosius</strong></span> <span class='ocrx_word' id='word_1_50' title='bbox 343 1925 382 1989; x_wconf 90' lang='lat' dir='ltr'><strong>ad</strong></span> <span class='ocrx_word' id='word_1_51' title='bbox 405 1924 503 1989; x_wconf 88' lang='lat' dir='ltr'><strong>studia</strong></span> <span class='ocrx_word' id='word_1_52' title='bbox 529 1926 665 2009; x_wconf 78' lang='lat' dir='ltr'><strong>regenda</strong></span> <span class='ocrx_word' id='word_1_53' title='bbox 696 1936 786 2009; x_wconf 88' lang='lat' dir='ltr'><strong>atque</strong></span> <span class='ocrx_word' id='word_1_54' title='bbox 817 1926 1044 2010; x_wconf 88' lang='lat' dir='ltr'><strong>promovenda,</strong></span> <span class='ocrx_word' id='word_1_55' title='bbox 1075 1947 1164 2010; x_wconf 90' lang='lat' dir='ltr'><strong>quam</strong></span> 
     </span>
     <span class='ocr_line' id='line_1_8' title="bbox 134 2018 1163 2128; baseline 0.006 -24"><span class='ocrx_word' id='word_1_56' title='bbox 134 2061 272 2107; x_wconf 88' lang='lat' dir='ltr'><strong>severam</strong></span> <span class='ocrx_word' id='word_1_57' title='bbox 294 2040 394 2107; x_wconf 84' lang='lat' dir='ltr'><strong>Tuam</strong></span> <span class='ocrx_word' id='word_1_58' title='bbox 415 2054 505 2128; x_wconf 86' lang='lat' dir='ltr'><strong>atque</strong></span> <span class='ocrx_word' id='word_1_59' title='bbox 527 2043 668 2108; x_wconf 87' lang='lat' dir='ltr'><strong>subtilem</strong></span> <span class='ocrx_word' id='word_1_60' title='bbox 692 2041 899 2127; x_wconf 80' lang='lat' dir='ltr'><strong>disciplinam,</strong></span> <span class='ocrx_word' id='word_1_61' title='bbox 932 2044 1044 2107; x_wconf 93' lang='lat' dir='ltr'><strong>nullam</strong></span> <span class='ocrx_word' id='word_1_62' title='bbox 1072 2018 1163 2110; x_wconf 54' lang='lat' dir='ltr'><strong>oceass</strong></span> 
     </span>
     <span class='ocr_line' id='line_1_9' title="bbox 134 2159 1164 2249; baseline 0.008 -26"><span class='ocrx_word' id='word_1_63' title='bbox 134 2159 249 2224; x_wconf 90' lang='lat' dir='ltr'><strong>sionem</strong></span> <span class='ocrx_word' id='word_1_64' title='bbox 278 2161 368 2225; x_wconf 90' lang='lat' dir='ltr'><strong>omisi</strong></span> <span class='ocrx_word' id='word_1_65' title='bbox 391 2162 439 2225; x_wconf 89' lang='lat' dir='ltr'><strong>Te</strong></span> <span class='ocrx_word' id='word_1_66' title='bbox 460 2173 582 2227; x_wconf 88' lang='lat' dir='ltr'><strong>rectore</strong></span> <span class='ocrx_word' id='word_1_67' title='bbox 608 2161 692 2226; x_wconf 88' lang='lat' dir='ltr'><strong>vires</strong></span> <span class='ocrx_word' id='word_1_68' title='bbox 713 2162 901 2240; x_wconf 82' lang='lat' dir='ltr'><strong>exercendi,</strong></span> <span class='ocrx_word' id='word_1_69' title='bbox 924 2162 1020 2244; x_wconf 85' lang='lat' dir='ltr'><strong>&#39;idque</strong></span> <span class='ocrx_word' id='word_1_70' title='bbox 1041 2182 1164 2249; x_wconf 82' lang='lat' dir='ltr'><strong>semper</strong></span> 
     </span>
     <span class='ocr_line' id='line_1_10' title="bbox 135 2279 1163 2366; baseline 0.004 -23"><span class='ocrx_word' id='word_1_71' title='bbox 135 2280 315 2364; x_wconf 89' lang='lat' dir='ltr'><strong>propositum</strong></span> <span class='ocrx_word' id='word_1_72' title='bbox 339 2280 447 2360; x_wconf 90' lang='lat' dir='ltr'><strong>habui,</strong></span> <span class='ocrx_word' id='word_1_73' title='bbox 471 2291 505 2345; x_wconf 90' lang='lat' dir='ltr'><strong>ut</strong></span> <span class='ocrx_word' id='word_1_74' title='bbox 528 2279 600 2362; x_wconf 79' lang='lat' dir='ltr'><strong>Tibi</strong></span> <span class='ocrx_word' id='word_1_75' title='bbox 623 2290 768 2364; x_wconf 84' lang='lat' dir='ltr'><strong>quantum</strong></span> <span class='ocrx_word' id='word_1_76' title='bbox 791 2281 858 2344; x_wconf 88' lang='lat' dir='ltr'><strong>lieri</strong></span> <span class='ocrx_word' id='word_1_77' title='bbox 877 2291 983 2366; x_wconf 91' lang='lat' dir='ltr'><strong>posset</strong></span> <span class='ocrx_word' id='word_1_78' title='bbox 1005 2281 1163 2347; x_wconf 79' lang='lat' dir='ltr'><strong>satisface—</strong></span> 
     </span>
     <span class='ocr_line' id='line_1_11' title="bbox 134 2397 1245 2484; baseline 0.006 -23"><span class='ocrx_word' id='word_1_79' title='bbox 134 2419 208 2463; x_wconf 88' lang='lat' dir='ltr'><strong>rem.</strong></span> <span class='ocrx_word' id='word_1_80' title='bbox 240 2397 289 2463; x_wconf 92' lang='lat' dir='ltr'><strong>Ita</strong></span> <span class='ocrx_word' id='word_1_81' title='bbox 310 2400 422 2464; x_wconf 84' lang='lat' dir='ltr'><strong>laetum</strong></span> <span class='ocrx_word' id='word_1_82' title='bbox 445 2411 510 2480; x_wconf 89' lang='lat' dir='ltr'><strong>est,</strong></span> <span class='ocrx_word' id='word_1_83' title='bbox 534 2411 568 2464; x_wconf 90' lang='lat' dir='ltr'><strong>ut</strong></span> <span class='ocrx_word' id='word_1_84' title='bbox 587 2399 638 2464; x_wconf 84' lang='lat' dir='ltr'><strong>Tu</strong></span> <span class='ocrx_word' id='word_1_85' title='bbox 653 2420 741 2484; x_wconf 89' lang='lat' dir='ltr'><strong>quem</strong></span> <span class='ocrx_word' id='word_1_86' title='bbox 756 2411 914 2464; x_wconf 89' lang='lat' dir='ltr'><strong>strenuum</strong></span> <span class='ocrx_word' id='word_1_87' title='bbox 930 2410 961 2465; x_wconf 91' lang='lat' dir='ltr'><strong>et</strong></span> <span class='ocrx_word' id='word_1_88' title='bbox 975 2399 1163 2467; x_wconf 81' lang='lat' dir='ltr'><strong>indefessum</strong></span> <span class='ocrx_word' id='word_1_89' title='bbox 1240 2441 1245 2450; x_wconf 44' lang='grc' dir='ltr'><em>ι</em></span> 
     </span>
     <span class='ocr_line' id='line_1_12' title="bbox 133 2518 1163 2604; baseline 0.002 -22"><span class='ocrx_word' id='word_1_90' title='bbox 133 2518 235 2582; x_wconf 86' lang='lat' dir='ltr'><strong>vidisti</strong></span> <span class='ocrx_word' id='word_1_91' title='bbox 257 2539 320 2581; x_wconf 94' lang='lat' dir='ltr'><strong>non</strong></span> <span class='ocrx_word' id='word_1_92' title='bbox 341 2520 439 2583; x_wconf 89' lang='lat' dir='ltr'><strong>solum</strong></span> <span class='ocrx_word' id='word_1_93' title='bbox 461 2519 589 2604; x_wconf 84' lang='lat' dir='ltr'><strong>publicis</strong></span> <span class='ocrx_word' id='word_1_94' title='bbox 610 2518 767 2584; x_wconf 89' lang='lat' dir='ltr'><strong>seminarii</strong></span> <span class='ocrx_word' id='word_1_95' title='bbox 782 2518 1053 2584; x_wconf 73' lang='lat' dir='ltr'><strong>exercitationibus</strong></span> <span class='ocrx_word' id='word_1_96' title='bbox 1068 2519 1163 2584; x_wconf 85' lang='lat' dir='ltr'><strong>bene·</strong></span> 
     </span>
     <span class='ocr_line' id='line_1_13' title="bbox 134 2636 1162 2722; baseline 0.002 -21"><span class='ocrx_word' id='word_1_97' title='bbox 134 2637 269 2702; x_wconf 85' lang='lat' dir='ltr'><strong>volentia</strong></span> <span class='ocrx_word' id='word_1_98' title='bbox 292 2648 324 2702; x_wconf 87' lang='lat' dir='ltr'><strong>et</strong></span> <span class='ocrx_word' id='word_1_99' title='bbox 345 2639 452 2703; x_wconf 85' lang='lat' dir='ltr'><strong>lavore</strong></span> <span class='ocrx_word' id='word_1_100' title='bbox 475 2639 651 2722; x_wconf 85' lang='lat' dir='ltr'><strong>acciperes,</strong></span> <span class='ocrx_word' id='word_1_101' title='bbox 674 2636 729 2702; x_wconf 87' lang='lat' dir='ltr'><strong>sed</strong></span> <span class='ocrx_word' id='word_1_102' title='bbox 753 2637 832 2703; x_wconf 90' lang='lat' dir='ltr'><strong>domi</strong></span> <span class='ocrx_word' id='word_1_103' title='bbox 855 2658 973 2721; x_wconf 88' lang='lat' dir='ltr'><strong>quoque</strong></span> <span class='ocrx_word' id='word_1_104' title='bbox 999 2649 1162 2722; x_wconf 80' lang='lat' dir='ltr'><strong>exceptum</strong></span> 
     </span>
     <span class='ocr_line' id='line_1_14' title="bbox 133 2757 1164 2841; baseline 0.002 -22"><span class='ocrx_word' id='word_1_105' title='bbox 133 2757 271 2820; x_wconf 79' lang='lat' dir='ltr'><strong>familiari</strong></span> <span class='ocrx_word' id='word_1_106' title='bbox 288 2758 438 2841; x_wconf 86' lang='lat' dir='ltr'><strong>colloquio</strong></span> <span class='ocrx_word' id='word_1_107' title='bbox 455 2758 594 2822; x_wconf 90' lang='lat' dir='ltr'><strong>docendo</strong></span> <span class='ocrx_word' id='word_1_108' title='bbox 609 2757 761 2821; x_wconf 92' lang='lat' dir='ltr'><strong>monendo</strong></span> <span class='ocrx_word' id='word_1_109' title='bbox 782 2757 919 2823; x_wconf 84' lang='lat' dir='ltr'><strong>firmares</strong></span> <span class='ocrx_word' id='word_1_110' title='bbox 941 2768 972 2821; x_wconf 86' lang='lat' dir='ltr'><strong>et</strong></span> <span class='ocrx_word' id='word_1_111' title='bbox 991 2757 1030 2821; x_wconf 95' lang='lat' dir='ltr'><strong>ad</strong></span> <span class='ocrx_word' id='word_1_112' title='bbox 1052 2758 1164 2821; x_wconf 82' lang='lat' dir='ltr'><strong>altiora</strong></span> 
     </span>
    </p>
   </div>
   <div class='ocr_carea' id='block_1_2' title="bbox 133 2872 1162 3320">
    <p class='ocr_par' dir='ltr' id='par_1_2' title="bbox 133 2872 1162 3320">
     <span class='ocr_line' id='line_1_15' title="bbox 133 2872 1160 2961; baseline -0.002 -21"><span class='ocrx_word' id='word_1_113' title='bbox 133 2879 340 2955; x_wconf 76' lang='lat' dir='ltr'><strong>accenderes,</strong></span> <span class='ocrx_word' id='word_1_114' title='bbox 371 2896 429 2961; x_wconf 84' lang='lat' dir='ltr'><strong>ego</strong></span> <span class='ocrx_word' id='word_1_115' title='bbox 458 2897 534 2942; x_wconf 91' lang='lat' dir='ltr'><strong>vero</strong></span> <span class='ocrx_word' id='word_1_116' title='bbox 564 2895 681 2940; x_wconf 87' lang='lat' dir='ltr'><strong>summo</strong></span> <span class='ocrx_word' id='word_1_117' title='bbox 710 2895 785 2959; x_wconf 64' lang='lat' dir='ltr'><strong>erga</strong></span> <span class='ocrx_word' id='word_1_118' title='bbox 808 2872 857 2939; x_wconf 83' lang='lat' dir='ltr'><strong>Te</strong></span> <span class='ocrx_word' id='word_1_119' title='bbox 880 2897 984 2941; x_wconf 88' lang='lat' dir='ltr'><strong>amore</strong></span> <span class='ocrx_word' id='word_1_120' title='bbox 1010 2877 1160 2941; x_wconf 78' lang='lat' dir='ltr'><strong>afficerer.</strong></span> 
     </span>
     <span class='ocr_line' id='line_1_16' title="bbox 136 2992 1162 3077; baseline 0 -21"><span class='ocrx_word' id='word_1_121' title='bbox 136 2992 257 3059; x_wconf 84' lang='lat' dir='ltr'><strong>Etenim</strong></span> <span class='ocrx_word' id='word_1_122' title='bbox 280 3018 348 3060; x_wconf 88' lang='lat' dir='ltr'><strong>eum</strong></span> <span class='ocrx_word' id='word_1_123' title='bbox 369 3015 464 3063; x_wconf 88' lang='lat' dir='ltr'><strong>verae</strong></span> <span class='ocrx_word' id='word_1_124' title='bbox 485 2996 641 3059; x_wconf 86' lang='lat' dir='ltr'><strong>doctrinae</strong></span> <span class='ocrx_word' id='word_1_125' title='bbox 664 2995 751 3077; x_wconf 89' lang='lat' dir='ltr'><strong>copia</strong></span> <span class='ocrx_word' id='word_1_126' title='bbox 765 3004 808 3061; x_wconf 81' lang='lat' dir='ltr'><strong>et</strong></span> <span class='ocrx_word' id='word_1_127' title='bbox 827 2993 928 3057; x_wconf 87' lang='lat' dir='ltr'><strong>iudicii</strong></span> <span class='ocrx_word' id='word_1_128' title='bbox 950 2995 1075 3076; x_wconf 78' lang='lat' dir='ltr'><strong>egregia</strong></span> <span class='ocrx_word' id='word_1_129' title='bbox 1096 3005 1162 3058; x_wconf 89' lang='lat' dir='ltr'><strong>arte</strong></span> 
     </span>
     <span class='ocr_line' id='line_1_17' title="bbox 136 3110 1162 3197; baseline -0.001 -21"><span class='ocrx_word' id='word_1_130' title='bbox 136 3116 249 3179; x_wconf 79' lang='lat' dir='ltr'><strong>exculti</strong></span> <span class='ocrx_word' id='word_1_131' title='bbox 269 3136 395 3179; x_wconf 85' lang='lat' dir='ltr'><strong>acumen</strong></span> <span class='ocrx_word' id='word_1_132' title='bbox 418 3127 508 3197; x_wconf 85' lang='lat' dir='ltr'><strong>atque</strong></span> <span class='ocrx_word' id='word_1_133' title='bbox 537 3114 688 3177; x_wconf 87' lang='lat' dir='ltr'><strong>subtilitas</strong></span> <span class='ocrx_word' id='word_1_134' title='bbox 710 3111 831 3178; x_wconf 88' lang='lat' dir='ltr'><strong>iuvenis</strong></span> <span class='ocrx_word' id='word_1_135' title='bbox 860 3112 1012 3188; x_wconf 83' lang='lat' dir='ltr'><strong>animum,</strong></span> <span class='ocrx_word' id='word_1_136' title='bbox 1036 3111 1085 3194; x_wconf 87' lang='lat' dir='ltr'><strong>qui</strong></span> <span class='ocrx_word' id='word_1_137' title='bbox 1113 3110 1162 3175; x_wconf 84' lang='lat' dir='ltr'><strong>Te</strong></span> 
     </span>
     <span class='ocr_line' id='line_1_18' title="bbox 133 3231 1158 3320; baseline -0.006 -22"><span class='ocrx_word' id='word_1_138' title='bbox 133 3243 284 3317; x_wconf 65' lang='lat' dir='ltr'><strong>amquam</strong></span> <span class='ocrx_word' id='word_1_139' title='bbox 314 3236 482 3320; x_wconf 85' lang='lat' dir='ltr'><strong>perlectum</strong></span> <span class='ocrx_word' id='word_1_140' title='bbox 511 3233 586 3297; x_wconf 87' lang='lat' dir='ltr'><strong>artis</strong></span> <span class='ocrx_word' id='word_1_141' title='bbox 616 3243 741 3298; x_wconf 88' lang='lat' dir='ltr'><strong>nostrae</strong></span> <span class='ocrx_word' id='word_1_142' title='bbox 771 3232 944 3316; x_wconf 82' lang='lat' dir='ltr'><strong>exemplum</strong></span> <span class='ocrx_word' id='word_1_143' title='bbox 973 3231 1158 3308; x_wconf 82' lang='lat' dir='ltr'><strong>intuebatur,</strong></span> 
     </span>
    </p>
   </div>
   <div class='ocr_carea' id='block_1_3' title="bbox 133 3351 1163 4035">
    <p class='ocr_par' dir='ltr' id='par_1_3' title="bbox 133 3351 1163 4035">
     <span class='ocr_line' id='line_1_19' title="bbox 133 3351 1162 3437; baseline 0 -23"><span class='ocrx_word' id='word_1_144' title='bbox 133 3353 213 3417; x_wconf 85' lang='lat' dir='ltr'><strong>iusta</strong></span> <span class='ocrx_word' id='word_1_145' title='bbox 234 3354 434 3418; x_wconf 82' lang='lat' dir='ltr'><strong>admiratione</strong></span> <span class='ocrx_word' id='word_1_146' title='bbox 457 3354 618 3437; x_wconf 88' lang='lat' dir='ltr'><strong>impleret,</strong></span> <span class='ocrx_word' id='word_1_147' title='bbox 649 3363 711 3417; x_wconf 86' lang='lat' dir='ltr'><strong>tum</strong></span> <span class='ocrx_word' id='word_1_148' title='bbox 739 3371 806 3416; x_wconf 90' lang='lat' dir='ltr'><strong>eam</strong></span> <span class='ocrx_word' id='word_1_149' title='bbox 827 3351 1063 3429; x_wconf 84' lang='lat' dir='ltr'><strong>humanitatem,</strong></span> <span class='ocrx_word' id='word_1_150' title='bbox 1094 3371 1162 3414; x_wconf 89' lang='lat' dir='ltr'><strong>eum</strong></span> 
     </span>
     <span class='ocr_line' id='line_1_20' title="bbox 133 3470 1160 3557; baseline -0.001 -23"><span class='ocrx_word' id='word_1_151' title='bbox 133 3472 226 3534; x_wconf 92' lang='lat' dir='ltr'><strong>animi</strong></span> <span class='ocrx_word' id='word_1_152' title='bbox 243 3474 407 3538; x_wconf 89' lang='lat' dir='ltr'><strong>candorem</strong></span> <span class='ocrx_word' id='word_1_153' title='bbox 422 3474 455 3538; x_wconf 93' lang='lat' dir='ltr'><strong>in</strong></span> <span class='ocrx_word' id='word_1_154' title='bbox 471 3471 520 3537; x_wconf 83' lang='lat' dir='ltr'><strong>Te</strong></span> <span class='ocrx_word' id='word_1_155' title='bbox 536 3482 681 3557; x_wconf 86' lang='lat' dir='ltr'><strong>expertus</strong></span> <span class='ocrx_word' id='word_1_156' title='bbox 696 3492 781 3550; x_wconf 88' lang='lat' dir='ltr'><strong>sum,</strong></span> <span class='ocrx_word' id='word_1_157' title='bbox 803 3483 839 3536; x_wconf 90' lang='lat' dir='ltr'><strong>ut</strong></span> <span class='ocrx_word' id='word_1_158' title='bbox 852 3472 1004 3537; x_wconf 92' lang='lat' dir='ltr'><strong>neminem</strong></span> <span class='ocrx_word' id='word_1_159' title='bbox 1019 3470 1160 3549; x_wconf 87' lang='lat' dir='ltr'><strong>habeam,</strong></span> 
     </span>
     <span class='ocr_line' id='line_1_21' title="bbox 134 3588 1162 3676; baseline 0.002 -23"><span class='ocrx_word' id='word_1_160' title='bbox 134 3611 223 3673; x_wconf 88' lang='lat' dir='ltr'><strong>quem</strong></span> <span class='ocrx_word' id='word_1_161' title='bbox 246 3593 313 3676; x_wconf 90' lang='lat' dir='ltr'><strong>plus</strong></span> <span class='ocrx_word' id='word_1_162' title='bbox 336 3590 386 3656; x_wconf 84' lang='lat' dir='ltr'><strong>Te</strong></span> <span class='ocrx_word' id='word_1_163' title='bbox 409 3592 540 3676; x_wconf 85' lang='lat' dir='ltr'><strong>diligam.</strong></span> <span class='ocrx_word' id='word_1_164' title='bbox 580 3589 769 3674; x_wconf 80' lang='lat' dir='ltr'><strong>Quamquam</strong></span> <span class='ocrx_word' id='word_1_165' title='bbox 800 3592 880 3656; x_wconf 89' lang='lat' dir='ltr'><strong>euim</strong></span> <span class='ocrx_word' id='word_1_166' title='bbox 908 3591 1088 3655; x_wconf 84' lang='lat' dir='ltr'><strong>acerrimum</strong></span> <span class='ocrx_word' id='word_1_167' title='bbox 1111 3588 1162 3655; x_wconf 79' lang='lat' dir='ltr'><strong>-Te</strong></span> 
     </span>
     <span class='ocr_line' id='line_1_22' title="bbox 136 3707 1162 3794; baseline 0 -21"><span class='ocrx_word' id='word_1_168' title='bbox 136 3729 234 3775; x_wconf 79' lang='lat' dir='ltr'><strong>vanae</strong></span> <span class='ocrx_word' id='word_1_169' title='bbox 257 3712 452 3794; x_wconf 86' lang='lat' dir='ltr'><strong>arrogantiae</strong></span> <span class='ocrx_word' id='word_1_170' title='bbox 475 3707 690 3794; x_wconf 86' lang='lat' dir='ltr'><strong>castigatorem</strong></span> <span class='ocrx_word' id='word_1_171' title='bbox 712 3711 785 3774; x_wconf 91' lang='lat' dir='ltr'><strong>novi</strong></span> <span class='ocrx_word' id='word_1_172' title='bbox 814 3712 938 3793; x_wconf 90' lang='lat' dir='ltr'><strong>eiusque</strong></span> <span class='ocrx_word' id='word_1_173' title='bbox 966 3709 1162 3787; x_wconf 80' lang='lat' dir='ltr'><strong>temeritatis,</strong></span> 
     </span>
     <span class='ocr_line' id='line_1_23' title="bbox 140 3828 1163 3915; baseline -0.005 -22"><span class='ocrx_word' id='word_1_174' title='bbox 140 3849 213 3910; x_wconf 80' lang='lat' dir='ltr'><strong>qnae</strong></span> <span class='ocrx_word' id='word_1_175' title='bbox 235 3830 392 3915; x_wconf 80' lang='lat' dir='ltr'><strong>cogitandi</strong></span> <span class='ocrx_word' id='word_1_176' title='bbox 413 3842 445 3895; x_wconf 89' lang='lat' dir='ltr'><strong>et</strong></span> <span class='ocrx_word' id='word_1_177' title='bbox 465 3829 632 3912; x_wconf 89' lang='lat' dir='ltr'><strong>quaerendi</strong></span> <span class='ocrx_word' id='word_1_178' title='bbox 652 3828 787 3892; x_wconf 89' lang='lat' dir='ltr'><strong>laborem</strong></span> <span class='ocrx_word' id='word_1_179' title='bbox 810 3830 931 3913; x_wconf 79' lang='lat' dir='ltr'><strong>fugiens</strong></span> <span class='ocrx_word' id='word_1_180' title='bbox 944 3828 1047 3894; x_wconf 90' lang='lat' dir='ltr'><strong>verbis</strong></span> <span class='ocrx_word' id='word_1_181' title='bbox 1062 3829 1163 3911; x_wconf 90' lang='lat' dir='ltr'><strong>splen·</strong></span> 
     </span>
     <span class='ocr_line' id='line_1_24' title="bbox 136 3946 1162 4035; baseline -0.001 -25"><span class='ocrx_word' id='word_1_182' title='bbox 136 3946 214 4014; x_wconf 93' lang='lat' dir='ltr'><strong>didis</strong></span> <span class='ocrx_word' id='word_1_183' title='bbox 234 3951 390 4035; x_wconf 88' lang='lat' dir='ltr'><strong>superbit,</strong></span> <span class='ocrx_word' id='word_1_184' title='bbox 418 3950 571 4015; x_wconf 89' lang='lat' dir='ltr'><strong>neminem</strong></span> <span class='ocrx_word' id='word_1_185' title='bbox 591 3947 718 4024; x_wconf 87' lang='lat' dir='ltr'><strong>inveni,</strong></span> <span class='ocrx_word' id='word_1_186' title='bbox 747 3948 817 4031; x_wconf 91' lang='lat' dir='ltr'><strong>qui,</strong></span> <span class='ocrx_word' id='word_1_187' title='bbox 849 3948 981 4012; x_wconf 90' lang='lat' dir='ltr'><strong>simodo</strong></span> <span class='ocrx_word' id='word_1_188' title='bbox 995 3947 1162 4029; x_wconf 83' lang='lat' dir='ltr'><strong>ingenuum</strong></span> 
     </span>
    </p>
   </div>
   <div class='ocr_carea' id='block_1_4' title="bbox 0 0 1302 4612">
    <p class='ocr_par' dir='ltr' id='par_1_4' title="bbox 0 0 1302 4612">
     <span class='ocr_line' id='line_1_25' title="bbox 0 0 1302 4612; baseline 0 0"><span class='ocrx_word' id='word_1_189' title='bbox 0 0 1302 4612; x_wconf 95' lang='lat' dir='ltr'><strong> </strong></span> 
     </span>
    </p>
   </div>
  </div>
 </body>
</html>
