2596 4612
323 222 336 255 a

129 507 200 552 csse
228 488 308 573 apud
338 486 388 552 Te
417 485 553 571 aliosque
583 487 661 552 baud
690 488 812 572 iniquos
842 486 974 561 confido.
1016 487 1161 552 Alterum

77 686 80 691 Ι
130 608 280 691 quoddam
309 609 342 672 in
365 607 548 673 testimoniis
578 608 765 694 apponendis
791 618 914 672 secutus
942 628 1021 671 sum.
1061 603 1164 672 Obse-

131 727 262 792 oundavi
285 729 367 793 enim
387 727 549 807 laudabili,
581 738 725 814 utputo,
756 728 978 813 philologornm
1000 727 1097 803 mori,
1129 737 1165 790 nt

130 845 206 910 nibil
220 847 366 926 credant,
389 847 450 911 nisi
464 848 584 912 idoneis
604 848 734 913 testibus
756 849 928 934 productis,
952 847 1008 911 sed
1030 846 1164 910 abstinui

131 966 228 1049 magis
244 988 330 1052 quam
346 968 413 1031 lieri
428 968 507 1032 solet
526 967 734 1032 recentiorum
756 968 936 1032 testimoniis
960 965 1162 1030 cumulandis.

130 1081 212 1150 ‘cnm
227 1088 306 1151 enim
323 1089 513 1173 experientia
528 1089 653 1152 edoctus
670 1109 789 1167 essem,
807 1107 900 1174 saepe
915 1098 999 1164 tres,
1020 1098 1166 1170 quatuor·

130 1225 171 1270 ve
195 1217 225 1270 et
247 1208 350 1291 plures
371 1208 467 1272 libros
489 1208 555 1272 sinc
576 1209 675 1271 fructu
696 1206 817 1285 evolvi,
842 1228 909 1271 cum
931 1206 1038 1271 eadem
1053 1206 1164 1269 iisdem

131 1324 324 1408 antiquorum
340 1328 415 1391 locis
430 1327 559 1391 laudatis
575 1348 681 1391 omnes
697 1328 847 1406 doceant,
872 1327 968 1390 satius
985 1325 1075 1402 duxi,
1101 1345 1165 1388 non

132 1444 253 1528 quidem
269 1467 381 1529 operae
396 1468 524 1531 parcere
541 1466 738 1529 quaecunque
759 1446 810 1511 vel
831 1446 863 1509 in
886 1444 1072 1510 adversariis
1089 1464 1166 1509 con-

130 1575 219 1648 gesta
239 1565 292 1630 vel
313 1565 350 1628 ab
376 1567 442 1630 aliis
463 1566 585 1630 laudata
607 1566 713 1630 inveni
733 1565 930 1651 perlegendi,
954 1565 1009 1630 sed
1033 1584 1109 1648 quae
1125 1564 1164 1628 ad

131 1702 196 1747 sem
232 1685 372 1749 lacerent
406 1685 544 1750 breviter
580 1705 746 1764 enarrare,
791 1684 936 1769 appositis
971 1685 1165 1768 antiquorum

132 1802 312 1887 scriptorum
327 1805 516 1888 gravissimis
533 1805 733 1881 testimoniis,
758 1824 816 1886 qua
839 1823 874 1868 re
896 1803 927 1867 id
943 1803 1062 1888 assequi
1078 1804 1166 1868 vide*

131 1919 206 2002 bar,
230 1933 264 1988 ut
279 1945 424 1988 summam
440 1944 503 1989 rem
521 1925 645 2008 quisque
661 1922 763 1987 statim
784 1922 989 2008 perspiceret,
1016 1934 1047 1987 et
1069 1924 1163 1986 multo

133 2041 253 2107 lacibus
267 2041 301 2106 in
317 2063 384 2108 earn
400 2045 490 2108 altius
504 2044 661 2128 inquirere
677 2053 792 2128 posset.
826 2041 924 2128 Spero
948 2043 1085 2126 equidem
1108 2043 1163 2105 boc

134 2162 271 2246 aperitis
288 2184 350 2226 non
365 2164 564 2247 improbatum
579 2164 679 2226 irinc
702 2163 760 2226 boc
782 2162 899 2246 quidem
923 2173 1080 2245 tempore,
1105 2179 1163 2244 quc

134 2279 226 2365 longe
248 2281 356 2345 maiori
379 2283 499 2345 crimini
520 2303 590 2346 esse
614 2283 711 2360 solet,
742 2280 768 2344 si
791 2281 857 2363 quis
879 2301 1002 2358 eorum,
1027 2299 1104 2364 quac
1126 2279 1164 2342 ab

132 2400 259 2466 iuventa
280 2412 347 2465 arte
369 2399 585 2486 typographica
607 2419 700 2482 usqne
723 2400 760 2463 ad
782 2401 1025 2464 recentissimum
1055 2399 1165 2463 librum

135 2521 353 2604 excogitarunt
380 2513 455 2585 VV.
487 2517 579 2597 Dl).,
622 2520 781 2602 quidquem
811 2520 979 2585 nescivisse
1008 2519 1163 2597 videatur,

135 2639 264 2724 quamsi
280 2639 446 2723 scriptores
461 2639 600 2722 antiquos
617 2640 802 2722 neglexerit.
827 2636 942 2704 Verum
959 2638 1017 2702 hoc
1033 2639 1165 2702 fortasse

135 2759 213 2843 apud
229 2759 340 2823 multos
356 2758 557 2824 excusatione
572 2758 740 2843 indigebit,
765 2760 843 2842 quod
864 2779 1010 2842 nusquam
1027 2759 1165 2822 diversas

134 2877 305 2943 sententias
336 2877 586 2956 commemoravi,
627 2899 664 2942 ea
694 2898 838 2944 enarrare
869 2887 1050 2956 contentus,
1087 2897 1166 2959 quac

135 2996 209 3062 mihi
224 3018 299 3064 vera
313 2997 504 3063 viderentur.
542 2995 623 3062 Nam
644 2997 676 3060 id
696 2998 820 3060 omnino
844 2996 931 3061 buius
955 2997 1166 3060 commentarii

135 3117 295 3184 consilium
310 3129 375 3196 est,
399 3129 434 3181 ut
447 3118 540 3183 verba
555 3115 657 3181 Persii
673 3118 823 3200 explicet,
846 3127 880 3180 ut
896 3136 952 3198 ego
968 3115 1167 3200 probabiliter

136 3256 173 3301 ee
189 3235 337 3319 explicari
351 3256 441 3318 posse
457 3246 550 3321 puto,
575 3255 637 3297 non
660 3235 743 3318 quasi
760 3255 817 3317 ego
833 3236 935 3298 omnia
950 3246 1034 3300 recte
1052 3235 1167 3299 consti·

134 3353 229 3417 tuisse
245 3351 317 3415 mihi
332 3353 459 3433 videar,
483 3363 535 3418 aut
551 3353 621 3438 quia
635 3352 711 3416 alios
735 3365 945 3433 contemnam,
969 3376 987 3419 a
1010 3375 1068 3439 qua
1091 3354 1166 3418 ridi·

135 3472 202 3538 cula
230 3472 375 3536 iactantia
405 3494 493 3556 quam
523 3472 578 3537 sim
608 3471 743 3552 alienus,
774 3494 837 3537 non
867 3485 932 3552 est,
967 3475 1047 3557 qnod
1078 3472 1164 3552 Tibi,

134 3588 353 3671 Lachmannc,
378 3613 542 3676 exponam.
573 3590 689 3656 Verum
710 3594 766 3657 bac
789 3615 907 3675 quoque
921 3593 954 3656 in
970 3614 1004 3657 re
1019 3593 1165 3658 brevitati

134 3710 354 3776 consulendum
376 3710 559 3776 arbitrabar.
590 3711 714 3777 Etenim
734 3713 762 3779 si
782 3711 856 3780 VV.
880 3710 951 3776 Db.
975 3713 1078 3778 varias
1093 3731 1166 3775 sen÷

134 3830 248 3896 tentius
269 3831 435 3914 colligere,
467 3833 624 3916 dlgerere,
655 3833 812 3909 refutare,
846 3834 1025 3897 confirmare
1048 3831 1165 3897 volnis-

135 3970 221 4030 scm,
237 4023 240 4029 ,
257 3953 493 4022 commentarius
520 3952 759 4031 conscribendus
788 3951 897 4018 fuisset
921 3952 1053 4017 enormis
1076 3951 1165 4016 molis
