2596 4612
473 357 858 423 Puutnuuutaua'
1108 387 1165 429 tur

132 525 363 610 novitpraeter
377 528 478 594 odium
493 541 583 615 atque
599 550 753 611 amorem,
777 529 944 596 terebatur.
976 531 1078 617 Atque
1094 534 1163 604 hnic

132 627 264 692 iuvenili
279 629 398 712 studio,
421 633 501 715 quod
523 654 674 716 nunquam
697 634 771 697 satis
795 633 916 698 fortiter
936 645 968 700 et
982 635 1099 702 fervide
1115 640 1164 723 agi

134 730 365 814 diciqneposse
379 744 484 820 putat,
507 736 629 800 nimium
645 735 717 799 illud
733 736 880 816 debetur,
903 738 981 821 quod
1002 738 1110 823 ubique
1132 743 1165 806 in

133 829 289 902 Parsiana
306 835 427 902 dicendi
442 840 531 903 modo
547 838 748 904 animadverti
763 849 882 924 potest,
906 849 939 904 et
959 840 1001 905 ibi
1024 864 1164 927 praeser-

134 934 211 1014 tim,
234 936 304 1016 ubi,
328 950 362 1002 ut
383 940 443 1018 iam
465 941 611 1005 monitum
636 951 702 1020 est,
730 940 928 1027 Horatianam
951 944 1072 1009 facilem
1094 969 1164 1032 gra-

135 1037 211 1101 tiam
227 1040 266 1102 ad
281 1040 341 1104 vim
357 1053 389 1107 ct
403 1043 599 1108 acerbitatem
617 1042 781 1108 deflectere
802 1054 941 1131 conatur.
975 1035 1164 1132 Quamquam

136 1140 176 1204 ad
202 1141 260 1206 boc
280 1143 411 1207 studium
431 1147 602 1230 augendum
623 1147 696 1211 illud
720 1167 838 1230 quoque
854 1146 1001 1225 contulit,
1025 1148 1102 1231 qnod
1118 1149 1164 1212 ni·

134 1242 218 1308 miae
239 1245 378 1309 mollitiei
398 1257 439 1316 ,et
469 1248 609 1314 luxuriae
632 1259 721 1330 atque
749 1249 823 1313 artis
852 1248 1009 1334 pueriliter
1032 1250 1165 1316 ludentis

135 1344 358 1420 ostentationi,
382 1370 470 1433 quam
486 1360 557 1416 tnnc
572 1350 756 1436 temporibus
772 1371 859 1433 qnam
880 1350 1012 1414 maxime
1032 1371 1164 1438 regnare

133 1448 169 1511 in
184 1448 297 1514 litteris
312 1450 404 1532 vidit,
428 1455 534 1538 quavis
557 1454 677 1519 ratione
694 1453 887 1519 renitendum
902 1462 992 1537 atque
1008 1454 1165 1521 obluctan-

135 1551 209 1615 dnm
231 1570 299 1616 essa
323 1555 459 1640 putavit,
482 1578 541 1640 qua
563 1557 596 1620 in
616 1578 651 1623 re
673 1567 705 1621 et
725 1556 791 1642 ipse
807 1577 874 1621 cnm
889 1556 956 1621 aliis
971 1557 1092 1622 modum
1107 1579 1164 1624 ax-

136 1653 246 1719 cessit.
325 1646 329 1657 ’
577 1660 578 1665 ’

226 1753 316 1839 Quod
336 1776 370 1822 se
396 1761 566 1848 exemplum
587 1760 713 1826 Atticae
735 1759 910 1826 comoediae
925 1761 1067 1845 antiquae
1082 1762 1165 1847 prin-

137 1862 235 1947 cipum
259 1850 433 1928 secuturum
457 1885 526 1928 asse
548 1864 696 1947 promittit
715 1860 841 1928 Persius
864 1854 1102 1948 (t‚12'3sqq.),
1134 1865 1165 1929 id

138 1984 315 2050 quamquam
338 1987 400 2029 non
415 1987 482 2030 cum
497 1963 647 2031 Passovio
670 1966 717 2050 (p.
736 1965 813 2048 107)
834 1965 1016 2030 rhetoricam
1040 1967 1165 2050 figuram

136 2078 168 2134 et
190 2089 235 2133 ex
256 2067 375 2132 Horatii
398 2068 477 2133 loco·
495 2068 652 2132 notissimo
681 2065 724 2151 (l,
739 2067 773 2142 4,
792 2065 808 2129 l
826 2068 909 2151 sqq.)
936 2069 1164 2152 transscriptum

137 2171 289 2251 dixerim,
314 2181 414 2235 tamen
431 2190 472 2234 ex
487 2170 576 2235 simili
592 2191 697 2234 errore
712 2180 815 2233 natum
833 2170 974 2248 videtur,
998 2190 1083 2253 quam
1106 2159 1182 2252 quo*

136 2274 263 2339 satiram
286 2295 372 2338 suem
393 2270 572 2339 Lucilianae
594 2272 791 2356 comparavit.
826 2270 909 2337 Nam
932 2272 1070 2355 sequitur
1090 2293 1165 2336 sana

136 2374 260 2451 Horatii
278 2375 422 2440 iudicium
445 2376 482 2440 de
504 2375 595 2442 rebus
622 2375 798 2453 litterariis,
828 2376 883 2439 sed
912 2376 991 2459 quod
1019 2371 1165 2438 Horatius

137 2478 233 2556 dixit,
258 2475 407 2554 Lucilium
423 2488 455 2542 et
471 2489 611 2562 exparte
627 2500 662 2544 se
678 2497 796 2563 quoqne
812 2499 854 2543 ex
869 2477 1027 2543 comoedia
1042 2476 1164 2558 antiqua

137 2581 286 2666 pendere,
303 2600 391 2663 quam
407 2601 514 2644 verum
531 2591 625 2660 esset,
642 2581 794 2646 intellexit
810 2578 1034 2659 sanePersius,
1052 2588 1163 2643 etcum

138 2684 245 2749 borum
271 2683 410 2766 exempla
433 2684 568 2748 studiose
580 2696 581 2701 ’
593 2684 816 2763 aemularetur,
840 2684 930 2747 etiam
946 2682 1098 2766 antiquam
1113 2702 1165 2745 co-

138 2786 287 2851 moediam
302 2772 485 2868 sequendam
509 2786 565 2850 sibi
588 2805 655 2849 asse
678 2805 741 2848 non
756 2785 854 2870 potuit
869 2805 937 2848 eum
959 2787 1076 2869 lugere.
1110 2781 1165 2847 llla

138 2908 213 2953 vera
228 2887 344 2951 satirae
359 2887 517 2954 Romanae
533 2911 600 2953 cnm
622 2888 779 2953 comoedia
800 2888 921 2971 antiqua
942 2887 1103 2978 cognatio,
1128 2887 1165 2949 de

139 3010 194 3072 qna
217 3001 280 3053 tam
305 2991 429 3055 multum
446 2992 626 3075 disputatum
643 3002 690 3055 est
709 2999 739 3069 1,
764 2991 789 3054 si
812 3010 955 3053 summam
971 2998 1109 3072 spectes,
1133 2988 1165 3050 in

139 3092 280 3157 libertate
301 3089 354 3155 illa
375 3093 461 3173 sive,
485 3105 518 3158 ut
542 3089 696 3158 Iuvenalis
720 3091 764 3175 (l,
783 3089 860 3173 153)
883 3091 944 3170 ait,
976 3091 1165 3174 simplicitate

137 3196 280 3277 ponenda
303 3205 369 3274 est,
393 3218 451 3280 qua
472 3207 561 3282 poeta
586 3197 613 3260 si
628 3217 714 3278 quem
737 3193 853 3279 publica
870 3193 1017 3256 famosum
1033 3193 1164 3272 videbat,

137 3301 258 3366 notavit
273 3311 363 3382 atque
379 3301 555 3384 castigavit,
579 3319 647 3362 nam
664 3297 799 3381 privatae
813 3295 987 3360 inimicitiae
1002 3295 1166 3378 privatum·

136 3423 175 3467 va
199 3402 305 3467 odiam
327 3422 366 3466 eo
386 3424 449 3466 non
476 3402 671 3490 pertinebant
689 3408 719 3480 ²,
744 3419 921 3484 quamquam
950 3397 1039 3461 facile
1067 3407 1167 3481 potest

136 3503 290 3589 intelligi,
329 3525 387 3569 nac
417 3525 435 3568 a
465 3505 584 3589 privata
619 3502 810 3568 cavillatione
839 3499 1029 3564 abstinuisse.
1050 3510 1165 3583 poetas.

137 3603 218 3671 'l'ale
241 3624 372 3691 poeseos
394 3627 490 3691 genus
514 3628 575 3670 non
599 3606 697 3692 potnit
720 3605 840 3683 excoli,
869 3603 928 3666 nisi
949 3602 981 3665 in
1003 3601 1096 3664 libera
1117 3621 1166 3664 rc-

136 3709 280 3793 publiea,
302 3708 353 3773 ubi
368 3709 451 3779 nulla
464 3708 561 3775 virtus
577 3707 698 3774 valebat
711 3718 834 3790 praeter
853 3704 1020 3789 publicam,
1045 3703 1094 3767 ubi
1117 3703 1166 3786 qui

139 3911 152 3963 l
173 3909 216 3962 Gi.
236 3909 414 3975 Hermannna,
440 3910 471 3961 de
490 3896 541 3962 sat.
559 3907 630 3961 llam.
652 3916 723 3960 anet.
742 3925 766 3975 p.
786 3908 820 3961 28
832 3923 887 3974 sqq.

137 3979 318 4117 Ὴέὲενίιέἓιοη
344 3981 392 4032 buc
417 3977 494 4053 facilc
517 3979 617 4047 potabit
641 3977 743 4029 Horatii
768 3977 864 4029 satiras
890 3983 968 4043 atque
991 3973 1082 4042 epodos
1100 3986 1165 4023 com-
