2596 4612
470 329 843 394 rnouneonune.
1096 354 1166 405 ,m

132 501 313 568 Ennianum
348 521 470 567 versum
497 523 517 566 a
544 499 665 566 Lucilio
700 497 920 587 reprehensum
950 515 1167 569 commemorat

131 603 266 671 Servius
289 606 343 677 lad
363 601 455 690 Virg.
478 599 762 690 scutetum),
780 599 946 669 Pacuuium
967 626 1030 670 non
1046 600 1165 674 abiisse

132 707 275 772 illaesum
288 708 388 772 'docet
408 706 460 771 vel
480 726 590 771 versus
612 706 689 790 apud
712 703 885 792 Nonium(
905 753 912 770 .
929 729 962 771 v.
986 707 1165 790 exordium,
1281 718 1283 722 '

133 811 177 874 fr.
194 806 323 891 XXlX,
340 805 414 891 63)2
442 806 553 891 limum
575 809 676 872 tmlrtis
698 817 844 872 contorto
870 810 977 894 aliquo
1000 832 1044 876 cu
1062 812 1167 877 Pneu-

133 913 231 976 ciuuo
247 911 404 990 ceordic,
428 913 519 995 atque
540 911 579 975 ad
603 911 669 975 eins
692 907 887 974 Dulorestem
909 909 1022 978 Lucilii
1043 919 1166 981 versum

135 1016 233 1099 (apud
248 1011 521 1098 Pmoxpuot,
539 1015 579 1078 fr.
588 1011 685 1094 XIX,
702 1011 757 1098 8)ι
781 1011 927 1078 Raururo
952 1017 1097 1102 tragicus
1112 1019 1171 1104 qui

136 1118 284 1181 earmina
301 1115 411 1203 perdit
428 1113 559 1190 Oreste,
574 1116 679 1181 retulit
693 1115 833 1182 Naekius
849 1115 932 1202 (opp.
951 1139 981 1203 p.
998 1115 1059 1182 105
1067 1113 1165 1204 epm),

136 1219 189 1303 qui
213 1219 289 1282 elios
312 1239 430 1303 quoque
451 1216 564 1283 Lucilii
583 1218 669 1283 locos
692 1219 796 1282 similis
820 1222 992 1303 argumenti
1006 1222 1167 1306 ingeniose

135 1320 296 1387 mactavit.
330 1319 441 1386 'Palem
462 1322 623 1385 censuram
643 1321 676 1384 in
695 1320 773 1393 libro
797 1322 915 1386 decimo
938 1325 1123 1407 potissimum
1148 1345 1168 1390 a

133 1422 259 1490 Lucilio
270 1425 379 1487 lacum
390 1445 460 1489 esse
471 1442 628 1508 possemus
635 1423 882 1488 iamconien'tura
891 1427 1025 1509 assequi,
1041 1421 1167 1492 nisiex·

133 1537 236 1593 staret
249 1526 395 1590 disertum
409 1517 615 1592 testimonium
631 1526 707 1611 apud
717 1513 813 1591 schol.
826 1525 903 1590 Hor.
913 1538 973 1593 sat.
989 1525 1018 1607 l,
1035 1527 1087 1605 10,
1105 1526 1164 1594 52:

136 1628 243 1695 Cumis
264 1627 410 1694 Lucilius
418 1633 555 1716 propter
569 1627 779 1692 urbanitatem
794 1628 912 1694 dim'tur
935 1641 967 1694 et
987 1641 1090 1695 mutat
1102 1653 1166 1716 puro

136 1750 181 1796 eo·
196 1731 283 1818 quod
303 1729 447 1796 emendat
460 1732 601 1817 positum
624 1736 692 1794 εει.Ι
712 1729 805 1795 Facit
825 1740 927 1794 cutem
941 1732 1084 1798 Lucilius
1098 1755 1167 1797 ccam

136 1835 238 1907 alias,
262 1843 326 1898 tum
348 1833 401 1897 ccl
417 1835 450 1896 iu
473 1835 566 1896 tertio
589 1833 691 1908 libro,
717 1843 750 1896 et
770 1853 851 1897 nono
876 1843 908 1897 ct
929 1833 1054 1898 decimo.
1089 1832 1166 1900 Inde

136 1935 231 2019 igitur
252 1934 290 1999 ad
312 1936 437 2020 primam
459 1935 584 1999 satiram
605 1936 845 2020 componendam
866 1937 998 2000 animum
1020 1937 1167 2001 sumsisse

136 2035 259 2102 ridetur
280 2033 418 2102 Persius.
451 2035 562 2122 Neque
587 2038 820 2124 negligendum,
846 2038 904 2102 diei
919 2036 1059 2102 Persium
1074 2035 1168 2103 Luci·

137 2137 214 2205 bani
241 2139 312 2204 libri
339 2140 456 2204 initium
485 2141 631 2204 imitatum
661 2160 766 2217 esse,
795 2140 876 2202 unde
907 2137 1059 2204 Heusdins
1081 2138 1118 2224 (Ι.
1142 2141 1164 2204 l.

137 2265 166 2327 p.
187 2240 250 2306 177
266 2240 350 2326 sqq.)
372 2244 521 2320 coniecit,
551 2241 703 2306 Lucilium
727 2262 845 2325 qnoque
869 2262 886 2304 a
907 2262 941 2306 se
964 2242 1028 2328 ipso
1048 2243 1167 2327 vitupe-

137 2345 237 2409 nuto
252 2343 372 2408 initium
386 2342 502 2425 fuisse,
525 2355 558 2410 ut
572 2345 649 2409 alios
666 2344 776 2410 deinde
791 2356 944 2429 carperet.
980 2341 1044 2408 lam
1067 2341 1164 2410 scholi

136 2448 173 2512 ad
190 2442 220 2524 1,
235 2447 259 2513 2
273 2447 449 2527 annotavit,
472 2447 553 2513 bunc
569 2434 848 2514 resumtum-esse
865 2446 902 2512 de
923 2445 1034 2510 Lucilii
1055 2449 1165 2531 primo,

136 2549 218 2632 quod
232 2549 273 2613 ae
286 2571 335 2614 ve.
354 2551 371 2614 1
389 2551 488 2637 potius
504 2551 656 2635 pertinere
671 2551 730 2615 iam
746 2550 991 2614 animadversum
1010 2557 1070 2612 est.
1103 2545 1168 2613 Sed

137 2652 211 2715 mibi
226 2652 344 2736 quidem
360 2673 534 2737 persuasum
552 2663 618 2732 est,
641 2653 871 2738 intelligendum
895 2671 1041 2716 essenon
1057 2648 1168 2715 Lucilii

139 2754 248 2819 librum
264 2755 408 2838 primum,
433 2756 487 2820 sel
504 2755 613 2820 decimi
628 2757 758 2820 initium.
793 2753 931 2837 Quodsi
955 2755 1078 2817 omnino
1101 2753 1168 2817 imi·
1223 2794 1227 2801 -

138 2867 220 2921 tatus
242 2866 292 2922 est
313 2854 460 2936 Persius,
490 2859 663 2942 quaeritur,
689 2864 765 2946 num
789 2859 921 2922 fortasse
951 2856 982 2920 id
1009 2852 1169 2940 quoque'a

138 2957 260 3025 Lucilio
284 2961 445 3038 sumserit,
472 2962 551 3043 quod
576 2962 734 3046 prologum
764 2959 940 3023 eboliambis
970 2959 1169 3043 compositum

140 3063 253 3126 satirae
276 3063 415 3128 versibus
440 3062 627 3126 hexametris
655 3062 786 3146 scriptae
817 3060 990 3145 proposuit,
1022 3059 1100 3143 qnod
1130 3059 1167 3122 ab

141 3184 197 3229 usu
212 3165 453 3248 praelationum,
477 3186 551 3247 quas
574 3164 708 3247 pedestri
724 3184 865 3228 sermone
881 3162 1065 3227 carminibus
1081 3181 1170 3248 prae·

140 3267 248 3332 missas
264 3288 284 3331 a
298 3264 451 3344 Martiali,
478 3264 577 3331 Statio
593 3267 659 3330 aliis
675 3267 822 3351 legimus,
846 3275 877 3330 ot
896 3282 916 3328 'a
939 3262 1059 3330 Seneca
1080 3264 1170 3348 atque

141 3367 284 3435 Thrasea
304 3369 432 3453 scriptos
454 3390 524 3435 esse
545 3370 710 3434 verisimile
727 3379 775 3434 est
795 3365 920 3451 (Quint.
939 3363 1026 3446 VIIl,
1046 3366 1078 3447 3,
1096 3366 1168 3450 31),

140 3472 332 3556 aliquatenus
355 3481 457 3537 tamen
479 3472 609 3537 recedit.
648 3469 713 3535 Iam
743 3472 903 3536 considera
931 3469 1004 3533 mihi
1028 3468 1191 3554 Petronii.

139 3576 240 3640 locum
256 3577 333 3656 (sat.
351 3574 371 3637 4
387 3573 469 3660 sq.),
492 3575 543 3639 ubi
558 3575 769 3659 Agamemno,
792 3584 951 3658 postquam
968 3572 1004 3634 de
1020 3592 1169 3657 perverso

138 3686 300 3759 parentum
316 3687 404 3760 atque
420 3676 632 3759 magistrorum
648 3676 748 3763 studio
766 3675 798 3737 in
815 3675 989 3739 erudiendis
1005 3696 1169 3759 puerorum
1210 3685 1212 3689 '

138 3779 272 3865 ingeniis
296 3777 389 3855 (lixit,
421 3778 497 3843 baec
519 3779 618 3842 addit:
649 3775 713 3864 Sed
732 3798 772 3840 ue
793 3798 840 3839 me
857 3786 954 3862 putes
976 3773 1170 3860 improbasse

138 3879 298 3945 schedium
319 3880 530 3944 ¹Lucilinuuc
551 3879 779 3964 improbitatis,
803 3877 890 3963 quod
907 3880 1027 3950 sentio,
1053 3885 1085 3939 et
1104 3877 1171 3958 cirre

141 4034 217 4088 tet.
238 4036 316 4104 Apol.
343 4036 374 4088 de
400 4036 455 4090 (leo,
472 4035 543 4097 Socr.
568 4051 592 4102 p.
614 4034 663 4086 bul
682 4032 771 4084 blm:
800 4030 851 4082 Sed
877 4036 909 4082 ut
932 4046 974 4082 me
993 4026 1171 4094 omnifariam
