2596 4612
467 371 838 439 enotuuoluuttct.
1049 405 1163 450 xxxvu

132 534 317 620 disciplina,
341 536 460 620 utrique
483 542 669 622 communis,
700 544 802 609 effecit
821 557 855 609 ut
876 550 1044 630 permulta,
1068 572 1161 634 quan-

133 637 248 700 tumvis
273 637 395 702 diversa
416 642 537 724 specie,
574 663 615 707 ex
642 646 749 710 eodem
765 674 766 677 ¹
780 648 865 712 fonte
894 660 986 729 nata,
1015 672 1162 718 summam

133 740 217 801 inter
244 749 405 822 utrumque
432 742 658 810 similitudinem
688 762 900 832 procrearent.
944 750 1055 836 Neque
1085 775 1162 819 vero

133 839 209 905 illud
233 843 342 924 negari
364 855 485 928 potest,
515 867 571 910 eos
599 848 631 911 in
659 850 759 916 multis
790 852 883 917 rebus
910 874 972 916 uuo
995 855 1163 940 eodemque

134 943 225 1026 quasi
253 943 367 1029 spiritu·
390 946 508 1011 alllatos
527 949 651 1028 aluisse,
689 963 723 1016 et
750 954 895 1038 temporis
925 955 972 1019 sui
1000 977 1102 1022 mores
1132 967 1164 1022 ct

134 1045 213 1109 vitia
234 1045 348 1111 invitos
373 1048 560 1128 reddidisse,
580 1062 613 1114 ut
636 1053 674 1116 ad
695 1065 782 1120 recte
805 1056 842 1121 de
861 1058 1010 1121 alterutro
1025 1056 1163 1124 iudicans

137 1149 207 1214 dum
231 1148 358 1214 alterius
379 1163 525 1216 accurato
547 1154 680 1237 cognitio
704 1158 967 1242 quamplurimum
989 1162 1140 1224 conferat.

225 1250 316 1334 Quod
332 1253 421 1316 modo
437 1254 590 1338 explicare
606 1258 707 1321 conati
723 1278 846 1336 sumus,
870 1280 932 1321 nou
947 1260 1014 1344 capi
1028 1263 1163 1345 potuisse

137 1351 280 1417 Persium
302 1351 444 1419 Senecae
466 1356 591 1439 ingenio
614 1369 704 1442 atque
727 1360 969 1440 consuetudine,
997 1362 1029 1424 id
1051 1363 1165 1440 clarius

138 1455 231 1520 etiam
252 1456 431 1539 apparebit,
455 1457 482 1522 si
502 1459 639 1523 virorum
662 1460 838 1544 quibuscum
860 1462 1011 1528 amicitiae
1034 1465 1166 1531 vinculis

138 1561 321 1626 coniunctus
353 1559 427 1636 fuit,
466 1572 592 1644 praeter
625 1582 698 1641 eos,
735 1565 810 1646 quos
844 1563 904 1628 iam
941 1567 1164 1647 recensuimus,

138 1663 302 1748 imaginem
332 1661 419 1725 uobis
449 1665 797 1746 repraesentaverimus.
827 1662 930 1731 Inter
961 1689 1037 1750 quos
1069 1669 1166 1752 primo

139 1763 207 1830 loco
230 1765 452 1840 nominandus,
481 1785 569 1846 qoem
590 1774 670 1829 teste
699 1767 782 1831 vitae
808 1767 958 1852 scriptore
988 1779 1021 1833 ut
1050 1780 1166 1853 patrem

140 1867 253 1946 eoluit,
292 1865 340 1932 Μ.
373 1864 579 1932 Servilius
608 1864 833 1933 Nonianus.
883 1868 944 1934 Hic
972 1870 1041 1950 vir,
1079 1892 1168 1954 quem

140 1967 259 2034 Plinius
282 1966 337 2050 (H.
354 1967 400 2049 N.
416 1964 573 2045 XXVIII,
590 1967 623 2045 2,
641 1967 677 2051 5)
698 1970 865 2055 principem
889 1971 1039 2050 civitatis,
1075 1971 1168 2036 'Paci-
1285 1984 1288 1989 '

139 2083 188 2136 tus
211 2071 315 2152 (Auo.
337 2067 431 2157 XIV,
455 2069 510 2153 19)
537 2070 663 2135 summis
691 2070 858 2135 honoribus
886 2071 1033 2136 illustrem
1062 2083 1167 2152 vocat,

140 2194 170 2239 a.
193 2195 228 2238 u.
252 2169 317 2236 813
340 2183 476 2236 mortuos
499 2183 548 2236 est
568 2182 669 2236 aetate
691 2173 752 2236 iam
774 2173 961 2257 provectior.
998 2171 1072 2238 Fuit
1092 2195 1168 2239 vcro

141 2286 244 2340 aetate
274 2275 368 2338 multo
397 2274 562 2358 grandior,
600 2293 688 2356 quam
710 2271 856 2352 Persius,
887 2275 994 2359 quippe
1025 2278 1076 2359 qui
1106 2298 1170 2341 nou

141 2378 233 2459 modo
261 2398 293 2441 a.
321 2374 386 2442 788
415 2377 523 2440 consul
552 2385 620 2438 erat
649 2374 745 2458 (Tac.
770 2376 856 2440 Anu.
875 2372 929 2453 VI,
946 2374 999 2440 31.
1023 2376 1105 2441 Plin.
1122 2379 1168 2458 X,

140 2478 196 2559 43,
213 2475 270 2558 60,
298 2480 339 2543 cl.
355 2473 531 2556 XXXVII,
548 2474 581 2556 6,
597 2475 676 2561 21),
703 2479 757 2543 sed
778 2479 838 2543 iam
860 2500 891 2541 a.
914 2477 978 2544 773
999 2479 1081 2543 inter
1097 2501 1171 2544 cou-

142 2582 264 2647 sulares
288 2581 461 2644 nominatur
484 2579 579 2666 (Tac.
596 2580 682 2642 Ano.
700 2576 757 2657 ΙΙΙ,
775 2579 832 2661 22)
851 2589 874 2642 1.
898 2578 972 2644 Non
988 2581 1082 2646 fuisse
1098 2581 1172 2646 divi·
1282 2636 1285 2643 ⁴

143 2695 226 2763 ιειιι,
255 2684 309 2747 sed
337 2685 398 2747 iam
428 2681 549 2746 Tiberii
578 2682 765 2767 temporibus
785 2704 894 2766 magna
916 2684 996 2747 fama
1018 2684 1170 2764 floruisse,

143 2786 236 2850 docet
271 2786 350 2869 quod
387 2782 516 2848 Tacitus
552 2794 658 2847 narrat
685 2782 787 2868 (Anu.
808 2781 852 2862 ΙΙ,
874 2782 951 2867 48),
1005 2784 1172 2875 Caesarem

143 2886 297 2964 Patulcii,
321 2886 421 2951 divitis
443 2885 552 2968 equitis
574 2884 718 2964 Romani,
743 2886 943 2950 hereditatem
966 2884 1013 2949 M.
1040 2886 1173 2952 Servilio

146 2990 332 3068 tradidisse,
355 3009 443 3071 quem
460 2987 611 3073 prioribus
628 3007 724 3070 oeque
740 2986 888 3071 suspectis
903 2986 1014 3049 tabulis
1029 2989 1176 3068 scriptum

149 3089 359 3176 compererat,
395 3100 428 3154 ut
457 3089 645 3159 nobilitatem
676 3089 743 3154 eius
773 3087 901 3172 pecunia
929 3087 1100 3151 adiuvaret.
1144 3089 1176 3150 A

146 3194 297 3280 principio
319 3195 388 3256 loro
405 3211 527 3275 operam
544 3190 645 3267 dedit,
669 3203 700 3255 et
721 3199 835 3254 tantam
858 3188 1048 3270 eloquentiae
1066 3191 1176 3253 famam

141 3307 258 3361 mactus
280 3306 348 3373 est,
379 3304 412 3356 ut
435 3290 580 3356 Claudius
604 3310 668 3356 cum
693 3293 854 3376 aliquando
880 3292 911 3355 iu
933 3291 1044 3376 palatio
1067 3290 1176 3373 spatia-

142 3411 236 3479 retur
266 3397 429 3481 auditoque
457 3395 590 3458 clamore
621 3394 736 3458 certior
769 3397 869 3484 lactus
904 3404 1008 3472 esset,
1044 3392 1177 3458 recitare

147 3488 348 3576 Nonianum,
381 3516 414 3560 se
437 3495 606 3559 auditorum
629 3518 757 3562 numero
779 3497 966 3561 immisceret
986 3492 1082 3579 (Plio.
1107 3517 1176 3581 epp.

148 3602 177 3683 Ῑ,
196 3601 252 3681 13,
269 3601 321 3680 3),
346 3618 472 3683 eamque
494 3608 600 3681 postea
615 3619 732 3682 quoque
753 3598 811 3663 sibi
826 3597 963 3664 servavit
979 3594 1072 3682 (Tac.
1091 3595 1175 3659 Anu.

150 3702 245 3783 XIV,
266 3702 317 3768 19.
335 3701 404 3765 dial.
422 3701 459 3765 de
476 3722 522 3763 or.
539 3698 593 3764 23.
619 3697 727 3788 Quint.
744 3697 790 3779 X,
807 3700 840 3780 1,
858 3696 944 3781 102).
970 3694 1048 3761 Cum
1068 3697 1178 3761 deiude

144 3910 166 3963 ,Ι
186 3907 342 3970 Passovios,
362 3908 405 3972 qui
422 3905 491 3956 locos
511 3913 576 3956 vett.
596 3905 702 3968 collegit
718 3903 756 3969 (p.
774 3903 835 3968 tta)
856 3904 1004 3971 suspicatur
1023 3899 1103 3951 luisse
1118 3912 1181 3978 epo-

187 3977 246 4026 dem
266 3974 302 4026 Μ.
320 3975 475 4033 Servilium,
494 3975 538 4040 qul
552 3991 576 4026 a.
592 3973 642 4025 756
656 3972 747 4025 consol
762 3972 857 4038 luit,a
873 3990 922 4041 quo
934 3973 1082 4038 adoptatum
1094 3972 1180 4032 potrus

187 4042 716 4120 potctltpct.ad'l'ac·4dou‚,Vl,.3l·.s.
742 4055 754 4116 ι1
910 4094 939 4116 ,,
