2596 4612
213 512 428 581 strenuumque
463 497 531 563 veri
568 494 746 560 inveniendi
783 494 913 559 studium
950 493 1175 578 agnoscendum
1206 514 1239 556 se

212 619 376 703 praebeat,
414 617 542 699 aequior
572 616 611 678 sit
641 615 797 678 erroribus
826 614 1042 699 ignoscendis,
1074 614 1238 688 neminem,

213 740 260 820 qui
284 737 449 822 promptior
470 735 509 798 sit
530 735 628 798 aliena
651 735 757 798 merita
779 733 990 818 praedicandi,
1015 733 1168 796 neminem
1191 733 1241 814 qui

212 857 323 920 clarius
348 856 507 933 ostendat,
533 854 642 936 ubique
664 873 697 916 se
717 854 857 917 veritatis
880 875 941 915 non
965 853 1010 915 sui
1035 852 1133 914 studio
1157 852 1237 914 tuni.

212 973 349 1057 Quarum
372 976 516 1061 virtutum
540 962 711 1058 exemplum
735 973 813 1036 haud
836 973 934 1035 minus
963 972 1137 1034 imitandum
1168 970 1240 1032 mibi

210 1095 373 1176 proposui,
405 1115 491 1174 quam
513 1091 711 1175 philologicae
735 1093 930 1175 disciplinae,
960 1111 1058 1172 neque
1083 1091 1238 1171 quicquam

211 1213 387 1289 elaboravi,
419 1212 490 1294 quin
515 1211 615 1294 imago
639 1209 708 1272 Tua
730 1210 803 1272 mibi
824 1221 896 1273 ante
918 1209 1023 1272 oculos
1046 1219 1238 1284 versaretur,

104 1405 107 1412 ‚
211 1342 299 1395 etex
314 1350 362 1392 me
374 1350 570 1412 quaererem:
600 1327 681 1411 Quid
704 1329 741 1392 de
762 1339 794 1392 te
815 1330 897 1393 dicet
912 1327 1149 1392 Lachmannus‘!
1178 1323 1240 1389 Ita-

210 1471 268 1533 que
290 1450 351 1512 iam
373 1441 435 1511 tum
457 1471 525 1512 cum
549 1446 694 1511 Beroiino
715 1448 925 1525 discederem,
950 1459 1065 1524 certum
1081 1457 1239 1528 ratu-quc

209 1568 286 1646 suit,
309 1568 549 1650 quandocunque
583 1567 690 1630 librum
723 1568 845 1631 ederem
875 1567 1034 1648 disciplina
1063 1564 1131 1628 Tua
1159 1565 1239 1628 haud

194 1674 335 1772 ¹prorsus
359 1686 534 1770 indignum,
557 1704 625 1750 eum
647 1687 685 1749 ad
701 1685 750 1750 Tc
765 1687 897 1750 mittere.
926 1684 1042 1749 Postea
1061 1706 1138 1748 vero
1160 1683 1239 1747 band

208 1825 273 1871 unt
291 1827 326 1870 re
349 1804 422 1869 mibi
443 1805 596 1890 probasti,
621 1826 709 1888 quam
732 1806 860 1869 amicum
882 1804 954 1868 mibi
977 1805 1152 1870 servaveris
1173 1804 1239 1866 ani·

209 1942 310 2002 mum,
335 1926 434 2007 quod,
457 1945 634 2007 quamquem
657 1946 771 2008 augere
786 1944 921 1988 amorem
936 1943 1034 1985 meum
1051 1944 1111 2007 non
1129 1924 1237 2007 potnit,

207 2045 340 2107 firmavit
360 2044 493 2107 animum
514 2042 645 2128 gaudio,
672 2063 729 2127 qno
750 2064 770 2107 a
794 2043 843 2106 'l'e
866 2043 997 2124 amicitia
1022 2040 1093 2105 'lbra
1114 2044 1239 2126 dignum

206 2182 257 2227 mc
272 2163 412 2227 ,habitum
436 2164 510 2226 virli.
542 2164 658 2246 Accipe
682 2182 756 2246 crgo
779 2161 917 2224 Persium
933 2183 1053 2239 meum,
1076 2173 1131 2238 ct,
1155 2163 1239 2244 quic·

126 2347 131 2352 ,
206 2282 279 2363 quid
301 2281 338 2343 de
363 2302 399 2344 co
422 2281 589 2358 indicatis,
623 2282 735 2345 amoris
765 2280 955 2363 integerrimi
984 2282 1091 2364 pignus
1121 2283 1235 2363 accipe.

208 2397 320 2482 Neque
344 2399 424 2462 enim
447 2410 537 2483 puto,
564 2417 685 2483 opernm
707 2419 803 2461 meam
826 2399 898 2461 Tibi
921 2418 1045 2483 prorsus
1066 2400 1239 2463 satisfactu-

208 2538 292 2595 ram,
316 2540 384 2581 cum
400 2519 471 2580 mibi
487 2519 609 2582 minime
625 2516 811 2596 satisfaciat,
835 2519 886 2601 qui
910 2518 1048 2582 absoluto
1069 2538 1182 2601 opere,
1206 2530 1239 2580 ut

207 2638 276 2701 beri
291 2637 388 2714 solet,
412 2637 524 2700 clarius
540 2638 597 2700 iarn
615 2638 813 2721 perspiciam,
837 2639 906 2720 qnid
922 2639 954 2700 in
971 2657 1007 2700 eo
1024 2637 1238 2721 perficiendum

208 2756 328 2818 fuisset.
365 2752 413 2819 Itu
442 2768 543 2820 autem
572 2756 623 2818 Te
650 2757 851 2821 iudicaturum
873 2776 986 2840 spero,
1018 2768 1069 2833 ut,
1101 2759 1237 2839 quamvis

209 2873 287 2937 band
303 2892 396 2958 panca
413 2875 544 2939 fortasse
561 2875 871 2939 miuusrectefeoisse
883 2876 1001 2969 videar,
1019 2877 1236 2960 negligentiam

209 3005 309 3056 tumen
332 3006 364 3057 ct
383 2994 536 3077 ignasiam
558 2995 688 3059 alicuem
711 3014 792 3058 ame
813 2996 907 3058 tuisse
922 3014 1065 3058 censens.
1089 2995 1191 3077 Atque
1206 2997 1238 3057 in

207 3133 242 3176 re
265 3114 370 3176 critico
393 3132 432 3176 ea
454 3125 501 3177 cst
523 3114 615 3197 ipsius
639 3116 796 3199 scriptoris
818 3088 1066 3196 atqne'codicum
1081 3116 1179 3193 ratio,
1203 3127 1237 3176 ut

208 3231 245 3294 de
268 3231 370 3293 multis
393 3230 470 3294 locis
491 3234 660 3295 verendum
676 3233 734 3309 sit,
759 3255 797 3296 ne
813 3252 934 3316 semper
946 3233 980 3295 in
994 3244 1152 3316 utramque
1167 3254 1237 3317 par

206 3359 267 3412 tem
290 3348 488 3431 probabiliter
509 3351 655 3434 disputari
676 3352 791 3434 possit,
816 3360 848 3414 et
876 3354 947 3434 quid
966 3372 1074 3416 verum
1095 3353 1155 3431 sit,
1179 3372 1235 3436 pru

207 3477 293 3530 certo
309 3468 454 3531 constitui
470 3479 609 3551 nequeat.
652 3467 799 3535 Attamen
821 3494 890 3535 oum
910 3472 1042 3536 antebac
1058 3491 1117 3536 nec
1132 3473 1235 3535 multis

205 3600 265 3648 uec
287 3586 418 3668 antiquis
442 3587 531 3681 codo.
555 3589 674 3653 collatis
696 3590 814 3654 incerta
835 3611 928 3677 saepe
949 3593 1112 3655 fluctuaret
1133 3591 1235 3674 dispu-

205 3704 300 3783 tatio,
339 3707 467 3769 collecto
502 3725 583 3771 nunc
619 3710 750 3792 undique
781 3722 925 3795 apparatu
955 3711 1080 3788 critico,
1118 3709 1235 3774 certius

205 3823 318 3906 poterit
346 3822 384 3888 tie
411 3825 515 3890 multis
535 3826 627 3892 rebus
654 3829 789 3893 iudicari.
827 3829 1013 3914 Quamquam
1037 3830 1160 3905 nescio,
1192 3849 1233 3892 an

206 3940 278 4006 Tibi
293 3944 436 4026 probem,
458 3944 536 4026 quod
552 3955 597 4009 tot
611 3948 814 4011 recentiorum
831 3969 949 4032 quoquc
972 3951 1059 4013 codd.
1081 3947 1233 4013 lectiones
