2596 4612
475 361 838 426 cnunsenorita
966 389 971 399 ¹
1100 387 1165 433 xus

130 527 255 593 Albani
270 527 378 606 ¹(indic.
402 531 497 616 antiq.-
517 553 550 596 u.
577 529 676 618 101),
700 534 805 598 uescio
826 531 934 616 quihus
954 533 991 598 do
1012 533 1110 599 causis
1125 534 1165 600 iis

132 630 268 696 inditum
289 639 312 694 ¹.

225 732 301 798 Nou
323 735 477 800 concessit
496 747 607 801 natura
627 733 738 807 Persio
757 735 879 820 longam
901 736 1015 814 vitam,
1045 735 1099 800 scd
1118 736 1165 802 in-

132 852 251 898 venem
280 835 437 902 indefesso
464 840 565 903 studio
597 838 787 902 laborantem
816 839 974 902 immatura
1001 859 1084 902 mors
1111 839 1165 903 ab·

133 937 260 1000 sumsit.
276 937 371 1004 vitio
385 940 540 1005 stomachi.
549 940 683 1005 decessit
696 940 730 1002 iu
743 939 876 1022 praediis
890 941 953 1005 suis
970 939 1008 1006 ad
1025 951 1165 1007 octavum

134 1038 299 1104 miliarium
327 1043 398 1107 viae
427 1043 544 1126 Appiae
565 1039 644 1107 Vlll
669 1040 733 1105 lsal.
763 1039 842 1106 Dec.
874 1039 911 1105 P.
941 1040 1090 1122 Mario,
1121 1041 1165 1107 Is.-

136 1141 288 1205 Asinio
317 1142 433 1209 Gallo
465 1141 556 1208 Coss.
587 1144 631 1225 (a.
649 1165 680 1206 ιι.
698 1165 727 1207 c.
744 1140 820 1223 815,
836 1164 867 1227 p.
884 1140 960 1208 Chr.
977 1142 1054 1234 62),
1085 1167 1181 1217 auno.

137 1244 252 1308 aetatis
267 1243 425 1311 XXVIlI.

226 1345 278 1411 Ne
295 1347 351 1412 hoc
366 1349 486 1431 quidem
508 1346 670 1413 satirarum
690 1367 765 1431 opus
780 1347 927 1431 perlicere
943 1346 969 1409 ei
985 1345 1085 1424 licuit,
1110 1348 1166 1412 sed

139 1444 348 1530 imperfectum
363 1450 503 1534 reliquit,
528 1460 559 1514 ct
575 1460 608 1512 ut
622 1449 671 1514 edi
689 1459 812 1534 posset,
832 1468 941 1513 versus
956 1448 1075 1531 quidam
1091 1448 1167 1514 abii·

140 1548 242 1612 ciendi
258 1561 364 1630 eraut,
388 1554 467 1636 quod
482 1563 568 1617 recte
583 1553 625 1616 ita
639 1552 826 1616 intellectum
842 1561 908 1628 est,
926 1561 1037 1614 utnon
1052 1551 1166 1614 satirae

140 1663 250 1715 sextae
272 1653 368 1717 ultimi
389 1675 499 1718 versus
522 1654 615 1718 ablati
642 1664 841 1738 putarentur,
867 1671 943 1736 quae
971 1663 1003 1716 et
1028 1652 1167 1717 absoluta

142 1765 187 1817 cst
203 1775 304 1839 neque
320 1754 456 1819 ultimaa
477 1766 567 1840 poeta
587 1756 699 1838 scripta
722 1776 791 1820 esse
813 1756 953 1834 videtur,
977 1758 1034 1822 sed
1049 1770 1083 1822 ut
1096 1779 1167 1823 ver·
1218 1819 1220 1824 .

141 1876 191 1919 sus
207 1857 340 1939 aliquot,
364 1858 414 1940 qui
428 1877 528 1922 novae
543 1857 657 1920 satirae
678 1856 798 1920 initium
819 1858 976 1939 iacerent,
1001 1860 1168 1924 reiiceren-

142 1967 208 2037 tur,
239 1958 372 2042 nequid
397 1962 560 2023 satirarum
589 1959 668 2022 liber
696 1959 967 2041 complecteretur,
999 1962 1077 2045 quod
1105 1983 1168 2025 uon

142 2061 310 2144 perfectum
334 2072 427 2126 esset.
471 2063 645 2143 Antequam
665 2081 746 2134 ,vero
773 2060 805 2123 in
833 2060 982 2144 publicum
1012 2064 1167 2141 ederetur,

143 2159 321 2239 Cornutus,
346 2164 423 2245 quod
440 2173 531 2248 pocta
546 2164 611 2246 ipse
625 2163 685 2226 iam
699 2163 812 2224 'facere
838 2183 900 2226 uon
921 2164 1036 2247 potuit,
1060 2164 1169 2228 satiras

141 2265 326 2329 retractavit
343 2272 373 2343 ²,
403 2265 426 2328 i.
444 2288 474 2330 c.
499 2263 703 2328 emendatricc
727 2283 818 2326 mauu
839 2264 932 2344 vitia,
956 2265 983 2329 si
997 2287 1073 2349 quac
1089 2267 1169 2330 sorte

141 2376 375 2445 remanserunt,
408 2366 570 2446 abstersit,
601 2377 633 2448 ct
660 2376 755 2428 totum
783 2366 947 2450 expolivit,
979 2368 1032 2431 sed
1059 2367 1171 2432 leviter
1200 2439 1202 2442 y

141 2479 259 2532 tautum
271 2514 281 2548 ,
294 2466 344 2533 'uc
367 2469 484 2533 scilicet
500 2468 679 2552 corrigendo
696 2478 727 2530 et
742 2469 932 2532 emendando
948 2469 1078 2533 alienum
1095 2490 1170 2554 opus

141 2570 308 2635 redderet:
333 2581 405 2634 tunc
427 2568 539 2636 Caesio
560 2567 678 2648 Basso,
702 2569 751 2651 qui
774 2569 829 2634 hac
851 2590 886 2634 re
908 2565 1070 2636 amicitiam
1086 2591 1170 2637 suam

140 2673 280 2758 profiteri
293 2674 401 2751 voluit,
418 2672 543 2737 tradidit
558 2670 719 2733 edendum.
745 2670 898 2737 Habemus
915 2674 964 2738 hic
978 2673 1071 2758 igitur
1086 2674 1170 2737 claro

140 2774 322 2840 testimonio
337 2775 499 2854 traditum,
524 2772 602 2858 quod
618 2772 707 2836 hodic
725 2773 761 2836 de
778 2784 823 2836 tot
837 2774 923 2838 libris
938 2796 1055 2839 summo
1071 2772 1171 2839 studio

142 2877 355 2941 demonstrare
376 2879 501 2942 student
523 2877 638 2958 critici,
662 2900 724 2943 uon
747 2897 817 2943 esse
841 2897 894 2941 eos
910 2876 947 2939 ab
964 2889 1089 2941 auctore
1104 2877 1171 2964 ipso

143 3013 707 3080 1ncugsziticouogrupnisRomanunm
726 3013 797 3080 potui
816 3013 871 3077 uti,
897 3012 983 3064 nascio
1006 3028 1084 3077 ergo,
1111 3027 1172 3065 aum

179 3084 240 3149 quid
259 3083 397 3146 attulerit,
418 3085 483 3148 quod
502 3097 518 3132 a
536 3099 589 3133 rem
608 3089 722 3132 nostram
741 3083 881 3148 pertineat.

141 3142 162 3207 ἵ
178 3151 280 3205 Vereor
297 3167 329 3202 ue
348 3151 416 3200 insto
435 3151 543 3201 calidius
563 3151 587 3200 in
607 3151 663 3200 vita
687 3152 792 3216 antiqua
817 3165 842 3216 p.
861 3149 912 3203 236
925 3163 964 3215 sq.
990 3162 1004 3197 e
1022 3144 1079 3198 cod.
1099 3145 1170 3197 Flor.

176 3220 323 3286 receperim
340 3224 480 3282 corrasit,
500 3220 565 3285 quod
584 3219 707 3269 librarius
725 3227 812 3271 uotum
832 3218 883 3270 sibi
901 3217 1008 3268 verbum
1026 3216 1172 3282 reposuisse

176 3291 286 3341 videtur
304 3305 349 3355 pro
361 3291 540 3352 retractavit,
560 3305 609 3354 quo
622 3288 695 3338 codd.
710 3296 774 3339 cett.
790 3288 875 3355 potius
888 3284 1049 3353 corruptelae
1062 3285 1171 3344 ducunt,

176 3359 296 3426 quodque
315 3358 412 3409 iustum
431 3358 456 3407 in
475 3358 524 3407 hac
544 3373 572 3406 re
591 3356 743 3407 vccabulum
761 3365 810 3408 cst.
830 3356 984 3407 lletractare
996 3353 1063 3404 enim
1076 3353 1173 3404 dicitur

175 3427 292 3493 scriptor
309 3441 354 3487 ea,
378 3441 444 3493 quaa
467 3441 524 3477 cum
544 3426 624 3491 primo
642 3428 739 3490 impetu
758 3426 884 3488 fudisset,
909 3426 960 3475 iam
978 3423 1128 3490 expoliendo
1146 3429 1173 3475 at

175 3495 330 3560 corrigendo
355 3495 463 3544 editioni
488 3500 640 3560 praeparat:
668 3494 705 3545 ita
728 3495 759 3545 de
777 3494 887 3558 Virgilio
906 3493 1002 3543 dicitur
1019 3491 1085 3557 apud
1104 3489 1170 3542 Gell.

175 3562 261 3627 xvlt,
281 3563 324 3615 10.
343 3561 435 3614 Postea
448 3562 484 3612 ibi
496 3563 647 3628 praesertim
661 3563 782 3629 usurpari
795 3564 916 3621 videtur,
930 3561 973 3612 ulti
989 3574 1029 3623 ea,
1044 3574 1109 3624 quae
1121 3559 1172 3608 iam

176 3634 384 3695 restituissent,
403 3633 498 3683 iterata
517 3647 580 3682 cura
592 3631 786 3698 perpoliuntur,
805 3639 836 3682 ut
848 3632 967 3681 edantur.
988 3627 1026 3678 lta
1039 3627 1172 3679 Curiatios

141 3762 146 3773 Ι
175 3699 314 3753 Maternus
338 3700 461 3752 Catonem
485 3707 545 3819 post
571 3701 749 3752 recitationem
776 3700 901 3750 edendum
932 3703 1060 3748 retractat
1095 3695 1171 3760 (Tac.

178 3770 243 3820 dial.
265 3768 309 3835 3),
341 3770 461 3821 similiter
506 3768 586 3819 liuius
617 3770 746 3819 orationes
772 3768 839 3834 (epp.
861 3766 894 3830 V,
914 3767 940 3826 8,
960 3765 985 3817 6.
1006 3763 1054 3828 ΙΧ,
1076 3764 1118 3826 10,
1138 3763 1173 3825 33

177 3838 225 3901 tt,
244 3839 272 3896 2.
292 3843 320 3888 et
336 3830 381 3902 tv,
401 3839 427 3901 t,
442 3838 469 3901 3,
487 3838 531 3888 ubi
550 3845 590 3888 est
608 3837 703 3889 locitas·
719 3835 893 3900 rota-actore).
912 3824 1028 3900 Denique
1048 3844 1173 3897 gramma·

178 3907 229 3958 tici
253 3907 370 3958 earmina
391 3921 480 3975 parum
505 3907 589 3957 adhuc
614 3906 749 3970 divulgata
766 3907 811 3956 vel
828 3904 1004 3955 defunctorum
1024 3902 1172 3963 amicorum,

177 3975 224 4026 vel
241 3976 264 4026 si
282 3990 389 4042 quorum
407 3975 515 4027 aliorum
533 3975 703 4042 probassent,
717 3973 870 4038 diligentius
888 3978 1032 4023 retractare
1050 3969 1176 4018 dicuntur·

179 4042 269 4111 (Suet.
289 4043 331 4096 ill.
349 4058 455 4110 mmm.
472 4045 501 4108 2,
525 4043 571 4099 ubi
588 4045 651 4099 item
667 4046 787 4106 racitm
804 4044 831 4097 tu
848 4041 921 4095 codd.
941 4037 1098 4111 quibusdam,
1110 4033 1173 4101 est).
