2596 4612
477 357 848 428 PROLEGOMENA.
1115 389 1172 437 xta

136 525 206 594 Dio
223 525 262 593 c.
277 526 371 604 LXI,
387 527 443 596 20.
457 526 566 608 LXII,
582 529 657 614 26),
681 531 844 597 damnatur
858 543 889 598 et
903 534 1010 600 mortis
1024 534 1121 601 libera
1140 539 1170 605 ci

136 631 237 696 lectio
256 630 348 696 datur
371 631 466 714 (Tae.
483 632 567 697 Anu.
583 628 674 712 XVI,
691 631 761 716 33).
796 633 1015 720 Magnanimum
1028 638 1095 716 vir,
1118 639 1170 721 qui

131 732 314 797 Aruleuum
328 732 503 814 Rusticum,
520 735 638 800 fervido
654 737 755 799 animo
770 737 931 803 tribunicia
945 738 1170 805 intercessione

136 855 287 913 usurum,
311 837 526 921 prohibuerat,
550 857 591 901 ne
606 836 746 903 iuvenem
761 839 891 904 amicum
910 840 1053 925 perderet
1070 839 1166 922 (Tac.

132 939 229 1002 Aon.
245 935 337 1016 XVI,
352 936 429 1026 26),
454 938 637 1024 Arriamque
653 958 801 1018 uxorem,
826 951 859 1004 ut
880 941 984 1007 liberis
1005 963 1040 1007 se
1062 961 1168 1009 serva·

136 1050 210 1117 ret,
232 1051 412 1120 monuerat,
440 1039 584 1106 Helvidio
606 1061 722 1124 genero
744 1052 774 1105 et
796 1041 956 1108 Demetrio
979 1044 1087 1130 cynico
1109 1043 1165 1130 (cl.

136 1137 182 1205 fl.
200 1139 325 1220 Ritter,
350 1140 463 1206 Geseh.
489 1143 520 1207 d.
544 1141 625 1208 Phil.
650 1155 675 1208 t.
698 1139 797 1228 1vp.
823 1143 884 1209 175
899 1147 981 1229 sqq.)
1004 1157 1167 1229 praesente

137 1261 238 1307 venas
259 1243 365 1308 inridit
385 1254 417 1308 et
440 1245 575 1310 divinum
595 1246 686 1310 illude
717 1247 867 1311 Liburnus
886 1247 958 1311 Ioci
979 1247 1168 1311 toleraturi!

135 1345 249 1408 allatus
272 1344 441 1428 exspiravit
461 1345 506 1431 (a.
523 1370 555 1413 u.
572 1345 664 1429 819).
701 1345 733 1413 Is
755 1346 897 1413 Persium
919 1369 1035 1414 summe
1059 1349 1167 1414 dilexit

137 1445 245 1511 decem
261 1448 327 1512 lere
343 1449 451 1526 annis,
476 1450 535 1515 hoc
557 1460 606 1514 est
628 1450 664 1515 ab
688 1471 726 1515 eo
740 1451 812 1515 inde
828 1462 982 1534 tempore,
1006 1470 1064 1534 quo
1079 1451 1166 1516 iuva·
1276 1490 1280 1497 ·

138 1549 186 1613 nis
200 1549 261 1612 iam
277 1549 396 1613 adultus
411 1561 501 1634 atque
517 1552 732 1637 philosophicis
755 1552 862 1618 studiis
877 1553 935 1617 iam
952 1553 1082 1636 paullum
1098 1572 1167 1617 eor·
1208 1556 1212 1565 '

136 1650 322 1728 roboratus,
345 1663 486 1734 quantam
511 1654 549 1716 de
569 1675 603 1719 sc
617 1674 701 1739 spem
723 1655 835 1741 suscipi
854 1655 981 1732 liceret,
1005 1655 1073 1720 viro
1095 1674 1166 1738 gra·

136 1753 264 1819 sissimo
285 1753 437 1838 probavit.
468 1750 574 1838 ltaque
598 1759 817 1823 consuetudine
841 1759 905 1822 eius
927 1777 1001 1822 usus
1017 1767 1065 1822 est
1080 1755 1165 1821 lentie

136 1854 203 1919 liari
226 1864 347 1919 etcum
370 1857 619 1940 peregrinaretur
639 1859 799 1942 aliquando
829 1859 968 1925 comitem
997 1879 1066 1924 eum
1094 1878 1164 1924 osse

137 1955 245 2022 soluit.
277 1954 371 2021 Tanti
394 1959 453 2023 viri
474 1959 663 2025 familiaritas
685 1972 827 2044 quantam
850 1960 911 2025 vim
933 1960 1112 2025 exercuerit
1126 1959 1165 2027 ad

134 2055 236 2125 Persii
259 2058 414 2144 ingenium
443 2061 634 2146 animumque
664 2063 841 2127 firmandum
871 2072 903 2126 et
932 2061 970 2125 ad
998 2060 1163 2125 masculam

134 2161 280 2225 virtutem
296 2162 516 2240 excolendum,
541 2184 603 2226 non
619 2165 759 2248 estquod
777 2165 892 2241 dicam,
917 2173 1006 2248 atque
1028 2182 1071 2226 cx
1090 2161 1164 2226 sati·

132 2263 175 2327 ris
192 2263 260 2328 eius
276 2262 406 2348 perspici
420 2275 532 2350 potest.
558 2264 625 2330 Hae
641 2266 735 2347 enim,
759 2265 898 2350 quicquid
920 2265 956 2330 de
978 2264 1098 2349 poetica
1118 2265 1164 2331 la·

133 2367 247 2432 collate
263 2376 401 2447 statuas,
424 2367 541 2452 spirant
562 2369 700 2452 prolecto
723 2368 855 2433 animum
877 2388 952 2433 vere
974 2365 1161 2446 Romanum,

168 2537 374 2592 Thraseam:
403 2543 543 2590 sancierat
558 2567 610 2606 -‚
636 2556 681 2592 uos
704 2548 790 2592 sutem
814 2541 899 2590 sanci
922 2538 1068 2600 dicimns;“
1095 2537 1163 2604 quod

168 2607 272 2674 plenius
295 2615 337 2659 est
360 2610 425 2674 apud
449 2608 610 2661 Priscianutn
635 2607 671 2674 (X
689 2626 713 2676 p.
736 2608 816 2674 9⁰4)=
853 2605 1052 2672 „Vetustissimi
1075 2613 1162 2657 tamen

146 2677 249 2727 .etiam
275 2680 380 2737 suamet
399 2677 442 2729 vel
458 2681 547 2728 concie·
562 2677 738 2744 proferebant.
766 2677 963 2742 Pomponius
982 2676 1163 2727 Secundus

168 2746 211 2796 ad
230 2743 317 2796 Thra
327 2761 430 2799 seam:
450 2745 595 2798 sancierat
609 2750 653 2796 ius
671 2748 740 2797 atila
758 2746 900 2796 ciuitati.“
928 2743 976 2811 Qui
991 2744 1117 2810 liberque
1131 2744 1162 2794 dc

167 2829 198 2865 re
217 2814 331 2881 scriptus
350 2816 386 2865 sit
404 2815 541 2865 nescimus.
569 2815 754 2879 intelligendus
766 2822 850 2865 cutem
865 2829 878 2864 e
894 2813 1005 2863 diversis
1018 2812 1162 2879 Pomponiis

168 2882 218 2948 (cf.
233 2882 371 2943 Welclmr,
392 2883 494 2935 Grieclr.
516 2882 597 2946 Trag.
635 2919 641 2934 .
662 2885 730 2937 llll]
743 2885 793 2949 sq.)
826 2882 902 2933 Plinii
926 2883 1023 2933 amiens
1047 2883 1161 2945 videtur,

170 2967 244 3018 quem
265 2952 424 3003 consularem
443 2959 543 3019 poetam
561 2951 603 3016 (ll.
617 2900 648 3002 il.
662 2951 718 3015 Vll,
734 2953 775 3016 1s,
792 2951 849 3017 18),
877 2957 1013 3016 vatemque
1031 2951 1162 3016 civemque

170 3021 344 3071 clarissimum
362 3019 444 3087 (Xlll,
461 3022 501 3084 12,
515 3019 560 3082 26)
580 3028 672 3084 vocat,
700 3021 731 3070 de
756 3021 832 3071 cuius
848 3018 903 3069 vita
922 3019 986 3068 duos
1005 3019 1084 3068 libros
1103 3033 1161 3068 con-

171 3089 276 3156 scripsit
299 3087 379 3154 (XIV,
398 3091 425 3152 l,
448 3090 472 3142 o.
501 3090 566 3140 Plin.
587 3104 643 3156 epp.
662 3089 706 3151 lll‚
728 3089 753 3149 5,
774 3088 811 3152 3).
839 3086 974 3137 Charisius
997 3086 1065 3136 enim
1083 3086 1162 3137 etiam

169 3157 253 3209 altero
277 3158 334 3208 loco
357 3157 486 3226 Pomponii
505 3158 617 3209 Secundi
643 3164 734 3224 poetae
758 3155 932 3206 testimouium
956 3161 1061 3205 auctore
1079 3152 1162 3205 Plinio

126 3222 129 3227 '
167 3226 252 3277 refert
270 3226 292 3289 tl
305 3243 329 3293 p.
345 3227 415 3286 1115.
447 3226 544 3294 Quodsi
569 3226 634 3277 illud
659 3225 765 3276 verbum
791 3223 920 3290 Pomponii
938 3239 996 3274 cum
1015 3223 1082 3274 ludis
1102 3223 1162 3274 istis

167 3296 325 3360 coniungere
343 3296 486 3362 vellemus,
509 3303 539 3346 ut
556 3295 679 3346 videntur
697 3294 815 3346 fortunae
834 3293 922 3343 lavore
941 3293 1014 3358 quasi
1033 3292 1162 3343 tessellati

166 3365 257 3430 operis
273 3364 369 3428 singuli
387 3364 472 3430 lopilli
489 3372 595 3416 servato
613 3379 670 3415 esso
689 3363 853 3431 antiquitatis
867 3362 1011 3426 fragmenta
1025 3376 1089 3427 quae
1103 3361 1162 3412 dlli-

165 3441 262 3497 genter
278 3433 387 3484 collecto
403 3448 555 3499 componere
573 3432 666 3496 liceat,
687 3449 793 3498 pronum
819 3431 912 3493 estdc
939 3430 1009 3481 ludis
1027 3429 1161 3481 Patavinis

168 3501 309 3553 navalibus
326 3502 455 3565 cogitare,
474 3518 537 3568 quos
556 3502 694 3566 quotannis
712 3501 748 3552 ibi
766 3499 909 3551 celebratos
928 3515 984 3550 esse
997 3506 1089 3548 narrat
1100 3498 1160 3548 siv.

163 3567 203 3632 X,
222 3570 250 3632 2,
265 3571 308 3622 15.
320 3569 376 3621 Nou
395 3571 599 3634 contradiceret,
619 3570 686 3637 quod
704 3568 812 3622 Tacitus
821 3569 853 3618 ab
869 3568 1002 3619 Antenore
1014 3567 1159 3630 institutos,

164 3638 216 3690 nto
234 3637 264 3691 C.
282 3633 540 3707 τριακονταετηρίδα
558 3639 639 3704 dicit,
668 3653 725 3690 nam
743 3643 883 3705 potuerunt
901 3651 959 3686 cum
981 3636 1075 3686 annuis
1100 3636 1160 3686 istis

165 3707 267 3773 antiqui
286 3707 324 3756 illl
343 3715 419 3772 atquo
438 3708 540 3770 augusti
560 3708 690 3758 tricesimo
709 3723 808 3773 quoque
826 3721 892 3756 anuo
907 3704 1044 3768 coniungi,
1064 3710 1091 3757 et
1102 3703 1160 3753 ludi

166 3776 264 3826 scenici
282 3776 342 3827 addi
361 3776 506 3827 navalibus.
537 3775 633 3830 Verum
650 3792 698 3827 non
712 3777 787 3827 nimis
800 3784 885 3826 tamen
899 3773 1026 3824 fidendum
1040 3771 1159 3823 fortunae

165 3843 240 3895 illius
259 3843 359 3904 favori,
384 3850 411 3895 et
434 3843 564 3896 fotendum
589 3846 725 3896 adversari
743 3845 803 3895 lruic
821 3843 961 3908 suspicioni
980 3841 1089 3892 nominis
1107 3840 1159 3893 for-

164 3927 232 3963 mam
251 3907 472 3979 apostasium,
491 3920 517 3964 ct
535 3914 601 3979 quod
619 3915 646 3964 iu
665 3914 740 3964 titulo
758 3913 823 3964 illud
843 3910 973 3962 CETAES
991 3910 1023 3960 ad
1041 3908 1160 3959 scenicas

162 3981 563 4102 fflifflst'ttiiffl{mim
576 3983 691 4104 pidetur.
711 3982 855 4036 Videndum
873 3980 954 4046 igitur
972 3994 1003 4030 no
1021 3977 1088 4029 forto
1107 3989 1158 4026 vox

185 4064 203 4101 a
232 4064 293 4102 vans
310 4065 394 4118 potus
411 4065 434 4103 ss
454 4087 462 4117 ,
486 4066 561 4119 quem
600 4065 706 4115 omnum,
738 4106 739 4111 ,
829 4109 832 4112 ,
