2596 4612
476 107 838 174 Puubuuuttttttu.
1065 130 1171 176 *utu

135 279 232 345 tenti
265 276 348 343 ratio
382 277 455 343 iude
489 280 640 364 pendeatz
681 281 720 345 do
748 302 807 365 qua
838 302 876 347 re
904 276 1078 349 autunum
1107 283 1168 349 erit

136 382 347 449 meandum.

226 482 348 569 Quodsi
361 484 405 549 ita
413 482 555 550 Persium
570 487 813 552 doctissimorum
828 499 901 554 tuno
916 490 1062 574 temporis
1076 500 1166 574 atquo

134 588 376 655 durissimorum
397 602 627 675 praeoeptorum
641 590 834 657 institutione
849 594 986 676 gavisum
1001 614 1072 658 esso
1087 592 1166 657 vidi-

133 702 224 769 taus,
248 690 329 756 idom
352 691 545 775 egregiorum
565 703 597 757 et
618 694 751 758 moribus
772 694 954 779 ingenioque
971 696 1167 761 oxeellentis·

133 790 343 877 simorumque
358 795 493 859 virorum
509 797 729 861 eonsuetudine
743 818 816 863 usus
833 809 899 877 est,
923 819 999 882 quae
1023 808 1165 882 quautam

132 901 197 967 vim
221 900 258 963 ad
281 899 348 963 eius
369 897 503 962 animum
524 901 713 963 formandum
736 902 922 965 contulerint
947 898 1036 966 laoile
1065 910 1166 985 potoat

134 1000 279 1085 oogituri.
303 998 420 1063 Horum
436 1001 595 1084 plerosque
610 1024 666 1085 per
681 998 850 1066 Cornutum
866 1006 1029 1087 cognovit:
1052 1004 1084 1067 in
1101 1004 1166 1087 qni·

135 1103 191 1169 bus
207 1103 270 1167 duo
285 1113 484 1166 numerantur
497 1102 575 1179 viri,
600 1121 675 1185 quos
697 1104 957 1169 sanctissimorum
978 1116 1010 1168 et
1025 1104 1165 1169 doetissi-

138 1226 255 1271 morum
277 1206 367 1269 laude
391 1216 503 1269 mactat
524 1205 607 1269 vitae
628 1216 755 1285 auctor,
784 1217 816 1270 et
844 1229 911 1271 oum
940 1207 995 1272 sub
1027 1204 1166 1272 Cornuto

135 1308 284 1395 magistro
299 1307 413 1371 aeriter
425 1306 701 1392 philosophassont,
717 1329 821 1373 eorum
838 1311 980 1377 convictu
994 1331 1079 1375 usum
1095 1330 1165 1375 osso

133 1406 278 1476 Persium
299 1419 424 1486 narrat,
449 1410 500 1494 qui
521 1430 627 1475 eorum
650 1412 751 1476 studio
772 1412 932 1498 flagrabat.
970 1412 1086 1478 llorum
1109 1434 1166 1477 no·

132 1512 218 1577 urina
239 1512 352 1577 iniuria
373 1512 565 1577 librariorum
587 1524 729 1599 oorrupta
744 1516 817 1580 lieet
831 1517 951 1600 quidem
966 1536 1081 1580 summa
1097 1536 1165 1579 oum

133 1614 351 1703 probabilitate
367 1615 549 1695 restituere,
566 1628 689 1700 praeter
703 1617 778 1681 bueo
798 1640 874 1684 vero
890 1619 1045 1704 nibilploro
1061 1628 1164 1682 notum

134 1728 191 1783 est.
213 1718 320 1802 Atque
336 1716 664 1784 alteriusPetronii
684 1719 977 1797 Aristocratis,
1000 1718 1165 1806 Magnesia

132 1820 276 1899 oriundi,
300 1822 396 1885 solum
418 1832 558 1886 tenemus
582 1842 712 1899 nomen,
737 1823 871 1886 alterius.
887 1821 1044 1886 Claudii
1065 1826 1165 1905 Aga·

132 1924 325 2000 themeri,
342 1920 615 2000 ·.Lauedaomonii‚
645 1924 774 2001 medici,
806 1924 989 2010 epitaphium
1008 1937 1164 1991 servatum

134 2046 204 2093 esse
225 2027 361 2092 videtur.
393 2023 470 2091 Cum
492 2028 572 2090 enim
587 2027 669 2113 inter
683 2046 834 2089 marmora
851 2024 1046 2093 Oxoniensia
1061 2039 1165 2109 exstet

134 2130 259 2216 eippus‚
292 2131 344 2214 qui
371 2130 430 2194 viri
460 2130 613 2195 ouiusdam
644 2141 677 2195 et
701 2130 849 2209 feminae,
882 2122 1037 2214 utriusque
1061 2142 1164 2197 aetate

134 2233 356 2318 proveetioris,
388 2243 541 2316 protomus
564 2244 596 2297 et
619 2234 701 2297 inlra
728 2254 781 2298 eus
808 2254 938 2316 sequens
967 2234 1162 2319 epigramma,

133 2357 153 2401 a
175 2332 462 2419 Seldenio(lllarm.
479 2335 643 2401 Arundell.
661 2357 691 2420 p.
715 2335 805 2401 4911.
821 2332 1161 2420 amprimumeuimn,

132 2447 306 2503 monstrate

220 2535 392 2614 Κλαύδιος
406 2536 503 2626 lucrio
521 2535 760 2626 Ἀγαθήμερος
779 2535 908 2609 ἐνθάδε
921 2554 1048 2628 κεῖμαι,

265 2641 442 2727 Παντοίης
456 2640 582 2717 δεδαώς
597 2641 766 2729 κραιπνόν
781 2640 913 2731 ὅκεσμα
930 2641 1047 2711 νόσου.

223 2744 344 2820 Evado
358 2750 459 2815 τοῦτο
475 2747 514 2815 de'
526 2748 659 2834 μοικαὶ
675 2744 844 2836 Μυρτάλη
858 2743 933 2814 aluo
949 2742 1099 2833 συνεύνῳ

263 2850 414 2937 Modum.
443 2843 524 2940 μετ’
541 2845 709 2937 εὐσεβέων
730 2844 766 2917 d'
782 2853 888 2936 ἔσμεν
903 2854 941 2917 dot
956 2844 1115 2938 Ἠλυσίῳ.

132 2951 302 3019 licinanius
328 2954 440 3038 primus
464 2954 667 3018 oonieeturam
690 2954 847 3040 proposuit
869 2952 952 3037 (epp.
978 2953 1016 3017 ad
1032 2950 1162 3038 Rupert.

132 3077 161 3140 p.
179 3053 257 3120 539.
275 3068 360 3143 synt.
377 3058 472 3121 inser.
490 3059 543 3134 Xl,
559 3054 581 3118 6
595 3077 625 3139 p.
642 3054 722 3136 610)
745 3078 813 3121 esse
831 3056 910 3122 buno
926 3053 1057 3121 Cornuti
1072 3055 1164 3121 disei-

132 3155 256 3242 pulum,
286 3157 388 3224 Persii
414 3161 560 3225 amioumz
593 3180 668 3244 quae
697 3160 835 3224 omnibus
861 3162 928 3224 lere
950 3159 1077 3244 probatu
1102 3170 1161 3225 est.

132 3262 330 3341 Viseoutius,
362 3263 411 3346 qui
432 3264 553 3327 ultimus
575 3263 633 3327 boo
648 3272 875 3327 monumentum
892 3263 986 3326 edidit
1003 3255 1161 3345 (leonogr.

134 3361 191 3428 Gr.
210 3376 235 3428 t.
254 3362 331 3449 33),
355 3366 470 3430 addidit
490 3364 528 3429 od
552 3384 616 3429 eam
637 3363 832 3444 firmandam,
858 3366 982 3451 oapillos
1003 3364 1163 3431 ordinandi

134 3468 278 3545 modum,
295 3469 414 3553 qualem
426 3469 458 3532 in
474 3465 626 3555 Myrtalos
641 3467 741 3551 effigie
759 3469 909 3546 videmus,
927 3470 1015 3553 plane
1030 3490 1163 3534 eonsen-

134 3567 195 3633 tire
209 3592 277 3635 oum
292 3570 361 3635 aliis
377 3569 464 3636 buius
480 3570 625 3655 temporis
641 3570 845 3636 monumentis
860 3572 895 3654 (l.
907 3571 929 3635 l.
942 3582 964 3635 t.
975 3567 1028 3656 lp.
1038 3568 1118 3655 288)
1139 3578 1160 3631 ¹.

134 3758 146 3811 l
177 3758 260 3824 Quum
291 3760 358 3812 idom
387 3760 524 3815 llelnesius
554 3759 621 3833 (epp.
647 3763 666 3814 l.
694 3760 726 3829 l.)
762 3762 869 3830 protulit
904 3762 1094 3823 oouiooturam,
1124 3758 1161 3810 io·

169 3829 351 3896 seriptiouemt
