2596 4612
136 382 178 425 xa
465 317 828 420 enonnuo'uunn

134 543 266 614 sequens
286 547 360 615 erga
382 522 570 605 Caesarem,
593 546 743 611 nonquam
763 524 866 592 tamen
888 524 927 590 ad
942 524 1065 591 laedam
1081 535 1164 591 oete·

134 652 236 696 rorum
252 629 453 695 adulationem
467 649 503 695 se
519 628 609 694 deiioi
623 648 731 715 passus
746 639 815 709 est,
838 638 871 693 et
891 650 960 693 oum
974 627 1100 696 silentio
1114 626 1165 692 vel

133 731 221 798 lorevi
243 753 371 798 assensu
393 743 519 798 sanatus
537 751 611 817 erga
636 728 799 796 Neronem
824 730 944 816 priores
969 729 1163 794 adolationes

135 835 343 900 transmittere
367 832 476 900 solitus
497 835 624 910 luisset,
649 854 710 897 non
734 832 801 896 tulit
828 852 925 916 aequo
949 831 1072 908 animo,
1095 851 1163 896 oum

133 935 272 1002 Neronis
287 948 356 1022 post
371 938 502 1002 oeeisam
517 946 645 1000 matrem
666 934 795 1019 epistola
810 935 985 1018 legeretur,
1009 944 1041 997 et
1055 953 1098 998 ne
1112 931 1162 997 vel

132 1038 255 1102 silentio
278 1037 408 1123 probare
429 1039 591 1104 videretur
612 1056 689 1120 quae
717 1036 854 1101 deerevit
876 1047 1021 1112 senatus,
1045 1034 1161 1100 cumam

133 1139 255 1223 reliquit
276 1139 371 1224 (Tae.
397 1143 484 1204 Anu.
504 1136 598 1218 XIV,
623 1136 675 1204 12.
703 1137 763 1203 Dio
786 1136 825 1202 C.
850 1136 941 1217 LXI,
964 1135 1017 1203 15.
1053 1133 1160 1203 Sobel.

132 1237 201 1306 Iuv.
226 1239 269 1319 V,
293 1240 376 1327 36).·
401 1240 526 1326 Quare
549 1241 725 1307 suseitatam
747 1240 891 1325 principis
918 1239 1162 1325 indignationem

133 1365 202 1408 oum
217 1345 301 1410 alere
317 1367 381 1409 non
396 1345 568 1421 desineret,
594 1354 684 1426 atque
705 1341 742 1408 ab
765 1342 849 1408 aditu
869 1336 1058 1427 prohibitus,
1084 1342 1161 1409 hano

132 1448 348 1512 oontumeliam
363 1448 525 1530 tranquille
540 1448 638 1510 ferret
653 1443 750 1527 (l'ae.
766 1445 849 1508 Anu.
864 1442 944 1523 XV,
960 1443 1037 1530 23),
1063 1465 1160 1528 neque

133 1546 292 1629 quidquam
308 1550 436 1626 laceret,
453 1568 512 1629 quo
527 1548 795 1631 ingravescentem
810 1547 886 1611 iram
902 1547 1052 1613 deleniret
1063 1545 1159 1627 (Tae.

132 1647 219 1711 Anu.
234 1644 327 1729 XVI,
343 1648 413 1731 24),
432 1648 465 1712 N
468 1670 541 1726 ero,
564 1658 598 1712 ut
611 1647 654 1711 ait
669 1646 817 1725 Tacitus,
834 1650 927 1733 ipsam
942 1650 1088 1714 virtutem
1105 1669 1161 1714 ex·

132 1749 275 1815 soindere
296 1750 472 1834 concupivit
487 1748 584 1832 (Tae.
601 1753 688 1814 Ann.
704 1745 797 1829 XVI,
813 1749 883 1828 21).
924 1749 1030 1834 ltaque
1046 1749 1160 1815 absens

131 1862 296 1917 aecusatus
316 1853 350 1917 in
371 1862 481 1916 senatu
509 1871 528 1915 a
551 1847 736 1938 Cossutiano
759 1863 789 1916 et
810 1851 907 1937 Eprio
928 1851 1094 1930 Mareello,
1116 1851 1162 1917 ita

132 1963 250 2019 utnon
282 1956 503 2021 erubescerent
527 1953 661 2018 obiicere
684 1955 764 2036 quod
792 1974 854 2017 non
877 1955 1082 2020 sacrificasset
1103 1975 1159 2040 pro

131 2065 237 2120 saneta
252 2056 395 2142 prineipis
410 2076 506 2134 vore,
529 2075 629 2141 neqm
651 2078 719 2122 eum
738 2058 771 2121 in
785 2054 980 2122 Iuvenalibus
995 2067 1160 2122 nauantem

131 2177 170 2220 eo
193 2180 251 2240 quo
276 2181 332 2245 par
351 2161 446 2225 fuerit
464 2160 571 2244 plausu
594 2170 773 2244 prosecutus
789 2159 915 2235 luisset,
940 2159 990 2242 qui
1005 2158 1070 2243 ipse
1087 2157 1160 2225 olim

128 2255 252 2324 vPatavii
267 2261 441 2346 tragoedias
458 2261 645 2328 eeoinisset¹
662 2260 756 2344 (Tan.
772 2258 958 2341 AumXVI,
969 2259 1011 2325 21
1020 2282 1087 2346 sqq.
1101 2258 1158 2327 28.

134 2443 146 2496 l
166 2442 260 2498 Mirum
282 2446 329 2498 ltoo
349 2461 412 2498 sane
429 2447 455 2498 in
478 2446 609 2511 Thrasea,
629 2455 749 2515 reeteque
765 2448 1057 2513 aWelelero(Grieol1.
1075 2448 1157 2514 Tres.

165 2529 190 2579 p.
206 2515 284 2577 tlte)
302 2516 335 2566 ad
350 2516 460 2582 patrium
475 2517 600 2582 quendam
613 2531 706 2567 morem
719 2519 849 2580 refertur,
870 2527 899 2570 ut
913 2519 950 2569 ait
962 2517 1011 2569 Dio
1027 2518 1057 2569 C.
1073 2517 1158 2582 LXII,

165 2583 215 2634 26:
234 2583 323 2634 καίτοι
337 2579 366 2634 ἓν
378 2585 511 2652 Παταβίῳ
526 2583 561 2655 τῇ
569 2579 681 2652 πατρίδι
689 2581 841 2655 τραγῳδίαν
854 2583 940 2638 κατὰ
952 2605 986 2638 τι
1003 2583 1160 2655 πάτριον

165 2645 195 2701 e'o
209 2647 290 2722 ἑορτῇ
309 2670 362 2703 τινι
376 2647 628 2721 τριακονταετηρίδι
646 2651 868 2726 ὑποκρινάμενος.
895 2656 1000 2708 Factum
1014 2656 1039 2706 id
1056 2656 1097 2706 ait
1107 2655 1159 2706 Ta·

166 2718 235 2770 nitus
249 2719 319 2769 laedio
331 2724 447 2771 notastis
458 2737 476 2771 a
491 2720 609 2772 Troiano
621 2721 757 2774 Antenore
768 2728 921 2790 institutis,
936 2740 994 2775 uam
1008 2725 1044 2775 itt
1060 2722 1160 2775 labent

165 2787 239 2836 oodd.
256 2790 377 2853 potiores,
396 2788 505 2841 Medieei
518 2788 580 2841 Vat.
596 2789 672 2853 Par„
692 2797 806 2843 aestatis
819 2793 905 2845 Guell.
920 2793 988 2844 Bud.
1014 2791 1082 2858 Quid
1101 2800 1159 2844 ten·

164 2856 281 2906 teverint
301 2856 357 2908 VV.
378 2857 435 2909 llll.
450 2860 538 2910 videre
551 2859 615 2909 licet
632 2861 699 2924 apud
712 2860 873 2928 llupertium.
900 2862 1057 2929 Quamquam
1070 2863 1159 2912 neseio

165 2925 287 2988 quomodo
299 2926 449 2992 explicanda
462 2927 506 2991 sit,
516 2927 548 2978 ad
562 2927 683 2978 tuendam
695 2930 831 2981 lectionem
844 2931 916 2982 codd.
931 2929 995 2982 feeit
1009 2931 1157 2998 inscriptio,

164 3007 241 3061 quom
259 3003 316 3062 post
333 2996 399 3046 alius
415 2997 484 3047 edidi
504 2997 584 3061 (spec.
604 2997 686 3062 epigr.
706 3014 730 3061 p.
750 2998 814 3064 87)=

339 3063 372 3132 Q.
391 3062 576 3186 MAGIgIIgI
594 3063 626 3130 Q.
645 3064 675 3116 ll.
695 3065 757 3118 ΕΑΒ

338 3200 414 3253 LVS.
432 3201 588 3253 llPllthlll.
608 3201 662 3254 ΕΤ.
682 3202 822 3255 cottus.
842 3203 863 3256 1.
883 3203 916 3255 ll.
934 3202 979 3256 lll.
997 3203 1032 3257 IN
1128 3259 1132 3268 ,

339 3267 438 3320 dano.
458 3269 733 3334 VE'I’VIIIANQVAE.
754 3272 808 3324 ET.
822 3272 896 3325 'lVNl

340 3335 442 3388 oavtt.
463 3336 494 3388 Α.
513 3339 544 3387 Α.
565 3336 710 3389 DICAVlT.
729 3339 850 3393 EVRAS.
870 3339 929 3394 Vlll

338 3411 978 3478 mmmmmmmffl

127 3532 131 3538 .
163 3485 208 3539 nbi
227 3487 357 3552 iudicavi,
377 3493 419 3556 qui
440 3491 520 3541 multo
539 3506 604 3557 qnae
623 3492 729 3543 suntin
748 3509 778 3544 en
792 3495 901 3547 obseura
918 3495 1054 3547 illustrare
1068 3498 1158 3548 eonati

121 3620 125 3625 .
163 3562 232 3606 suut.
252 3554 304 3608 lam
322 3565 422 3623 spectat
439 3559 574 3625 inseriptio
593 3560 624 3610 ad
644 3569 756 3613 retorem
779 3566 925 3628 scenicum,
950 3571 977 3614 et
994 3563 1097 3614 Patavii
1118 3581 1159 3616 re·

164 3631 310 3689 pertnent,
337 3628 405 3678 uude
431 3644 480 3677 non
505 3628 611 3679 videtur
634 3628 819 3696 dubitandum,
848 3637 908 3699 quin
934 3631 1070 3682 obsenrnm
1088 3632 1157 3684 illud

124 3738 127 3744 .
164 3691 304 3746 curtus,
334 3695 496 3747 referendum
521 3698 555 3748 sit
580 3697 612 3747 ad
640 3698 718 3749 ledor
750 3706 894 3752 oetoetr‘eoe
924 3701 990 3765 apud
1023 3699 1155 3753 Taciturn.

161 3759 251 3827 Neque
269 3762 334 3814 illud
352 3765 456 3815 videtur
473 3781 522 3816 non
541 3769 801 3832 commemorandum,
831 3771 897 3836 quod
923 3771 1001 3819 hebet
1018 3769 1157 3820 Charisius

163 3826 224 3894 (lp.
239 3830 315 3896 10⁰):
345 3831 488 3895 „Catariie
505 3835 668 3898 Pomponius
686 3835 822 3888 Serendae
839 3838 876 3887 od
900 3836 1065 3900 Thraseam,
1095 3852 1156 3890 eum

163 3898 231 3948 ratIo
250 3901 399 3963 ortandae,
419 3903 505 3969 inquit
516 3902 673 3966 Plinius,
693 3907 814 3969 poseat.“
840 3906 908 3957 Idem
925 3906 993 3957 liber
1010 3905 1157 3958 offertore

161 3964 284 4018 Diomede
302 3967 361 4035 (lp.
377 3970 456 4036 368):
483 3969 556 4036 „Sed
581 3971 683 4022 novitas
708 3972 846 4025 brevitatis
870 3989 950 4025 eausa
975 3981 1071 4024 eunota
1096 3990 1155 4041 per·

162 4034 281 4101 miscuit,
313 4037 405 4106 qnippe
429 4044 540 4107 saneto,
563 4043 653 4093 randi
671 4039 801 4108 laniabat,
830 4050 860 4093 nt
883 4040 956 4094 Pom
963 4043 1090 4110 penius
1114 4044 1155 4095 ad
