2596 4612
129 335 183 380 evi
371 315 411 396 ῑῖζ
455 268 818 377 rnonroounru.

170 482 373 571 Magnificam
387 481 465 564 bos,
489 485 537 550 bis
551 482 630 550 bene
644 483 745 564 velle,
764 483 812 548 bis
827 481 936 550 rivere
950 482 1103 565 amicump

173 582 342 653 Commoda
357 598 516 672 praetcrea
531 586 648 676 patriae
662 585 720 652 sibi
735 586 832 672 prima
846 595 966 671 putare,

170 687 297 755 Deinde
308 701 488 775 parentum,
513 691 604 756 tertia
618 690 905 774 iamfpostremaque
922 700 1039 755 nostra.
1090 679 1092 683 ¹

130 787 259 858 Videbis
274 793 305 856 in
320 792 423 860 Persii
434 792 539 859 verbis
554 792 684 857 eundem
700 810 768 857 esse
784 811 908 856 sensum
924 792 1159 877 atquernimnm

131 916 332 980 expressum,
355 918 550 975 sermonem,
573 904 784 980 praeterquam
806 893 884 980 quod
905 895 1004 960 stoica
1026 876 1160 980 pbiloso-

131 997 201 1082 phia
216 999 311 1062 tincta
327 1010 374 1063 est
395 999 557 1081 (virtutem
580 1017 642 1061 non
658 996 813 1075 nominat,
831 997 885 1061 sed
902 1016 1011 1062 causas
1026 1001 1159 1084 mian),

130 1100 255 1164 multum
286 1101 440 1166 diversum
465 1122 535 1167 esse
556 1121 575 1164 a
598 1099 746 1183 simplici,
778 1099 917 1182 prolixo,
948 1111 981 1164 at
1002 1121 1161 1177 cumcon-

132 1201 280 1266 cinnitate
300 1203 362 1267 -vim
384 1204 532 1288 quandam
548 1206 728 1286 generosam
745 1202 951 1286 coniungentc
966 1199 1082 1266 Lucilii
1096 1223 1161 1268 ser·

38 1301 40 1306 ’
131 1325 236 1369 mone.
267 1303 400 1371 Gravius
424 1316 490 1384 est,
515 1304 593 1390 quod
617 1303 655 1367 de
675 1303 771 1388 prima
784 1301 888 1369 Persii
902 1303 997 1369 salira
1012 1305 1159 1369 refertur.

9 1454 14 1462 -
130 1405 214 1471 Nam
233 1408 314 1491 qood
339 1409 371 1471 in
394 1409 457 1472 vita
479 1407 602 1489 antiqua
625 1407 756 1492 legiturc
779 1405 846 1471 Sed
862 1427 939 1470 moer
959 1407 1162 1471 ataceleolic

132 1512 359 1596 magistrisque
382 1510 527 1586 divertit,
559 1508 639 1572 lecto
667 1509 749 1574 labro
776 1508 898 1573 Lucilii
922 1508 1042 1574 decim
1065 1509 1162 1574 'aelre-

132 1620 253 1675 mercter
275 1613 395 1675 satiras
421 1631 604 1695 componere
632 1613 801 1686 instituit,
820 1615 909 1675 cacia
937 1611 1016 1675 libri
1039 1613 1162 1676 initian

132 1716 274 1778 imitatae
294 1723 359 1788 eat,
382 1713 447 1778 sibi
459 1715 584 1798 preire,
606 1734 683 1777 moa
705 1713 846 1779 amnites
867 1715 1069 1780 detracturus
1093 1735 1161 1778 cam

134 1821 224 1881 tacta
245 1818 416 1881 recentium
433 1825 602 1901 poetaram
626 1825 658 1878 et
686 1826 848 1880 oratorum
879 1818 1104 1892 insectatione,
1126 1824 1164 1880 ut

134 1922 227 1982 etiam
253 1916 410 1983 Neronem
435 1919 608 2004 principem
636 1919 723 1983 illius
751 1920 898 2004 temporie
920 1919 1100 2005 culpaverit
1119 1930 1161 1967 -·'

123 2003 208 2086 ‘haec
223 2022 316 2105 igitur
330 2023 368 2085 ad
384 2022 509 2107 primam
525 2021 649 2085 satiram
667 2032 808 2104 spectare
824 2022 1016 2087 manifestum
1032 2032 1092 2085 est.
1123 2017 1160 2085 lu

133 2123 190 2190 bae
213 2125 294 2189 enim
316 2124 431 2209 primo,
455 2124 486 2188 in
516 2124 664 2210 prologo,
688 2121 746 2189 sibi
774 2124 907 2188 detrahit
926 2131 956 2203 ¹,
989 2123 1100 2189 deinde
1129 2123 1162 2188 in

133 2238 240 2310 poetas
264 2237 295 2292 ct
318 2238 457 2291 oratores
480 2227 528 2291 sui
550 2227 694 2310 temporis
716 2227 871 2311 ipsumque
892 2224 1053 2290 Neronem
1075 2227 1163 2291 inve·

10 2349 15 2366 “
133 2327 329 2412 bitur,quod
345 2331 382 2393 de
398 2329 511 2393 ceteris
527 2329 629 2392 satiris
645 2350 707 2391 non
722 2329 816 2392 valet·
851 2323 955 2412 ltaque
971 2328 1052 2392 illam
1069 2325 1163 2392 Lu'oi·

133 2431 206 2494 liani
221 2431 289 2495 libri
305 2431 503 2495 imitationem
518 2431 557 2494 ad
572 2429 652 2494 banc
667 2431 854 2515 potissimum
877 2432 1059 2495 referemus.
1089 2427 1163 2494 Fuit

134 2544 234 2597 autem
260 2531 371 2620 Lucilii
391 2533 484 2597 satira
509 2534 541 2596 in
564 2548 602 2597 ea·
623 2554 658 2598 re
683 2554 800 2616 quoque
817 2545 984 2617 occupata,
1008 2544 1042 2597 nt
1056 2544 1161 2619 poetas

135 2636 319 2718 castigaret,
356 2645 416 2699 tam
451 2633 608 2714 Graecos,
645 2636 725 2700 sicut
753 2634 929 2718 Euripidem
968 2646 1056 2699 taxat
1085 2635 1163 2722 apud

33 2755 37 2761 ·
137 2735 266 2801 Gellium
284 2734 371 2819 (Vll,
389 2736 444 2818 3),
468 2759 555 2821 quam
576 2737 746 2802 Romanos.
780 2736 912 2802 Notavit
930 2738 1171 2825 bocpraecipue'

139 2837 255 2907 Gellius
276 2837 495 2924 (XV11,21)=
533 2841 646 2925 Neque
665 2860 782 2925 niagno
805 2841 969 2903 rieteroallo
989 2851 1103 2926 postea
1126 2842 1161 2923 Q.

137 2941 261 3006 Emoriar
284 2951 314 3004 ct
334 2945 429 3006 inacta
447 2940 605 3007 Caeciliae
621 2949 652 3004 et
679 2941 844 3006 Terentiae
858 2965 896 3006 ac
910 2943 1045 3006 subinde
1060 2943 1164 3008 Pacu·

135 3047 223 3119 orbs,
257 3054 287 3109 et
315 3045 450 3109 Pacuvio
480 3049 542 3109 iam
568 3066 641 3109 scae
664 3045 796 3121 Attius,
832 3046 1011 3130 clariorque
1034 3054 1109 3108 tace
1131 3046 1164 3108 ic

130 3149 286 3232 poematis
307 3169 415 3213 corum
437 3147 649 3212 obtrectandis
672 3147 816 3211 Lucilius
829 3144 920 3230 soit,
950 3140 1002 3210 ubi
1024 3168 1165 3230 magnam

136 3251 168 3312 in
192 3250 248 3312 bac
271 3271 401 3314 censura
426 3248 608 3314 Lucilianae
637 3250 751 3314 satirae
781 3260 897 3333 partem
926 3250 1045 3334 posuit,
1077 3249 1166 3314 cuins

38 3349 45 3365 '
126 3361 255 3414 'restant
270 3352 359 3414 etiam
374 3352 434 3415 alia
448 3351 590 3435 vestigia.
615 3349 794 3416 Clarissimo
811 3351 953 3416 lloratius
973 3355 1046 3434 (sat.
1062 3348 1091 3431 1,
1110 3347 1165 3429 10,

139 3448 182 3516 52
197 3454 296 3535 sqq.):

221 3554 276 3618 Nil
293 3556 386 3620 comis
402 3555 512 3638 tragici
525 3564 621 3619 mutat
635 3554 772 3622 Lucilius
787 3555 879 3620 Attii
977 3638 979 3641 Ι

224 3656 299 3722 Non
315 3659 395 3723 ridet
410 3678 518 3724 versus
535 3655 615 3722 Enni
632 3659 783 3742 gravitate
799 3660 944 3735 minores,

225 3758 302 3824 Cum
319 3761 355 3825 de
371 3780 404 3823 se
420 3760 553 3846 loquitur
567 3782 629 3824 non
645 3765 680 3826 nl
693 3763 808 3827 maiore
824 3761 1004 3851 reprensis?

139 3912 321 4003 lilietrabera
346 3947 441 4012 elicui,
466 3949 490 4000 ἰ.Ἱ
505 3965 530 4002 e.
549 3950 680 4016 irridere,
701 3950 742 4004 cb·
761 3948 840 4003 sohel.
866 3947 887 4013 l,
914 3949 960 4003 58:
972 3975 973 3980 =
985 3932 1167 4012 (lanolccmo

159 4020 384 4088 percutientium
403 4017 544 4088 mactare
557 4024 659 4089 putent.
