2596 4612
472 361 841 449 tantustantus.
1087 384 1167 427 nunu

132 558 209 602 esse
233 534 390 600 videretur
410 555 498 618 quan
521 531 715 617 tranquillum
737 533 856 600 vivere.
889 529 980 598 Unde
1000 531 1061 597 iam
1084 518 1183 617 patet*

133 641 231 705 valde
253 647 450 724 temperatam
473 645 503 699 et
523 636 666 700 aliorsum
690 637 839 701 deflexam
861 654 930 700 esse
951 633 1074 700 Horatii
1095 634 1168 700 sati·

133 763 219 808 ram.
251 739 367 806 Verum
389 738 535 803 Horatius
552 739 659 823 siquis
677 738 946 804 aliussaeoulisni
961 759 1082 818 mores,
1105 739 1167 804 vir·

133 856 222 910 tutes
245 854 335 927 atque
357 840 433 908 vitia
451 842 531 906 bene
552 853 711 926 perspecta
733 841 881 922 habebat,
906 853 995 924 atque
1018 843 1050 906 in
1065 841 1168 907 satiris

135 948 188 1013 sui
201 945 368 1032 temporis,
392 944 473 1028 qaod
494 944 557 1009 vita
579 944 724 1028 magistra
742 966 868 1030 prorsus
885 956 1091 1030 cognoverat,
1114 966 1169 1011 ve·
1230 1020 1233 1024 μ

138 1051 292 1116 rissimam
306 1047 549 1132 repraesentavit
562 1047 736 1132 imaginem.
766 1046 837 1130 Quo
860 1049 960 1112 minus
981 1067 1056 1114 vero
1076 1049 1124 1112 ira
1138 1058 1184 1138 et¹

138 1151 244 1219 studio
268 1161 423 1235 correptus
446 1160 531 1228 erat,
556 1171 613 1234 quo
637 1149 804 1235 simplicius
832 1150 984 1215 hominum
1013 1150 1169 1215 stultitiam

141 1255 289 1334 notabat,
314 1274 371 1337 quo
386 1253 517 1318 alienior
530 1252 567 1316 ab
584 1253 666 1316 omni
681 1251 773 1315 nimio
787 1252 959 1332 videbatur,
986 1274 1046 1337 qno
1060 1253 1172 1317 clarius

140 1357 265 1438 omnia,
288 1377 364 1440 quae
384 1354 523 1419 homiues
545 1355 696 1438 agebant,
720 1376 754 1419 se
774 1356 966 1440 perspexisse
982 1356 1172 1419 demonstra·

139 1460 215 1539 bat,
242 1479 280 1524 eo
308 1457 405 1540 magis
432 1455 585 1522 bominum
607 1457 711 1521 intima
734 1457 855 1543 tetigit,
885 1457 1061 1546 animosque
1083 1459 1114 1521 in
1137 1444 1182 1524 se
1230 1492 1232 1499 ·

141 1561 321 1629 commorit.
365 1557 476 1643 Neque
502 1560 658 1644 quicquam
680 1571 748 1640 est,
778 1560 858 1644 quod
886 1561 982 1644 magis
1009 1559 1171 1626 veritatem

143 1664 335 1729 Ueratianae
355 1661 469 1727 satirae
490 1657 684 1745 comprobet,
706 1682 795 1747 quam
819 1663 898 1747 quod
918 1648 1184 1751 tam'maltorum,
1224 1716 1227 1723 .

142 1777 179 1830 ut
196 1767 263 1850 ipse
285 1767 401 1843 relert,
431 1765 508 1828 iram
529 1765 700 1830 suscitavit.
741 1764 823 1830 Nam
850 1785 889 1830 ea
916 1766 1011 1831 satira
1039 1766 1171 1831 mammo

143 1867 298 1933 bominum
316 1867 437 1933 animos
463 1868 589 1952 pnngit,
619 1888 709 1951 quam
735 1887 841 1933 veram
870 1887 940 1933 esse
969 1868 1173 1933 confiteantur

147 1990 277 2037 necesse
307 1980 357 2035 est
375 1980 408 2034 et
432 1970 477 2034 itu
507 1981 731 2056 comparatam,
762 1979 796 2034 ut
824 1989 882 2035 nec
908 1970 1171 2054 exaggerationis,

144 2094 203 2137 neo
226 2072 478 2158 intemperantiae
500 2071 659 2159 scriptoris
679 2073 730 2136 vel
748 2071 876 2155 partium
892 2066 982 2135 studii
997 2071 1173 2136 exeusatio-

144 2196 216 2240 nem
238 2175 394 2259 praebeat.
424 2175 526 2258 Atque
548 2174 605 2239 boe
625 2197 693 2238 cnm
714 2174 842 2257 quadret
861 2173 893 2236 in
909 2169 1026 2260 Horatii
1040 2183 1183 2259 tempus,

143 2299 207 2343 non
231 2277 313 2342 cadit
334 2279 367 2341 iu
389 2274 514 2342 Lucilii.
545 2274 683 2340 Narnia
704 2275 808 2342 liberis
824 2274 1015 2356 civitatibus,
1039 2276 1089 2341 ubi
1105 2298 1173 2343 eum

144 2379 279 2445 maxime
307 2379 438 2464 flagrant
466 2379 593 2463 partium
620 2381 721 2445 studia
749 2390 840 2464 atque
867 2380 1051 2459 certamina,
1081 2399 1173 2445 nemo

144 2492 248 2568 potest
263 2500 351 2562 esso,
375 2481 402 2545 si
418 2481 536 2565 quidem
550 2483 583 2546 in
597 2483 780 2567 reipublicae
795 2483 863 2549 luce
885 2483 988 2565 viget,
1011 2482 1084 2565 quin
1105 2503 1173 2547 oer-

144 2595 195 2649 tae
212 2585 332 2650 cuidam
353 2584 430 2667 parti
453 2585 590 2649 addictus
613 2587 737 2670 eiusque
759 2585 859 2649 studio
882 2605 1030 2649 accensus
1052 2584 1111 2666 sit,
1135 2585 1173 2650 al

145 2686 231 2752 cuius
251 2687 390 2751 ratioms
413 2687 513 2752 omnia
532 2690 667 2767 referat,
691 2688 776 2752 onias
799 2687 937 2753 inimicos
952 2699 1058 2763 arceat
1073 2699 1105 2752 et
1119 2688 1174 2752 im·

146 2800 282 2875 pugnet,
309 2797 340 2851 et
360 2788 432 2872 quia
453 2810 542 2854 nemo
566 2790 723 2874 quicquam
744 2791 847 2869 valet,
870 2790 929 2854 nisi
946 2790 1042 2874 quiin
1057 2789 1174 2876 publico

146 2901 306 2970 versetur,
330 2891 428 2954 oritur
442 2912 481 2955 ea
495 2893 566 2955 inde
582 2891 731 2956 semoris
746 2882 889 2971 libertas,
912 2912 989 2976 quae
1009 2912 1174 2977 quemcun-

147 3015 205 3078 que
225 2995 313 3078 quasi
331 2993 480 3078 publicum
503 3016 564 3059 non
587 2995 672 3079 quasi
692 2994 841 3079 privatum
872 3004 959 3057 notat
986 3003 1077 3076 atque
1107 3015 1174 3077 per·

148 3097 281 3182 stuingit.
305 3091 348 3160 lis
363 3117 438 3160 vero
462 3097 593 3162 civitatis
615 3096 819 3180 temporibus,
843 3094 891 3158 ubi
911 3094 1045 3178 plerique
1065 3096 1175 3160 remoti

146 3207 218 3262 aaut
231 3221 250 3262 a
265 3197 419 3281 republica
433 3198 690 3278 administranda,
708 3199 793 3262 ouius
809 3219 910 3262 eura·
928 3219 1006 3262 unns
1023 3199 1071 3262 vel
1087 3200 1174 3283 pauci

147 3311 278 3389 gerunt,
302 3299 400 3365 maior
411 3310 459 3364 est
476 3301 605 3365 bominis
623 3300 734 3386 privati
755 3311 931 3384 respectus,
955 3311 987 3365 et
1009 3301 1058 3385 qui
1080 3301 1179 3387 publi<

149 3421 216 3466 cam
231 3402 330 3466 lucem
344 3423 405 3467 nou
421 3403 593 3488 quaesivit,
616 3404 642 3467 is
666 3402 698 3466 iu
713 3404 886 3490 exemplum
901 3425 963 3467 non
979 3403 1036 3466 nisi
1052 3425 1070 3468 a
1085 3405 1177 3468 male·

148 3504 221 3571 valo
244 3514 277 3568 et
297 3496 435 3570 animoso
457 3527 491 3571 se
518 3505 652 3590 pretrahi
681 3515 777 3589 putat.
816 3505 847 3570 Α
869 3526 926 3591 qua
947 3507 1088 3571 libertate
1110 3527 1175 3571 oum

148 3604 317 3686 Horatius,
348 3628 523 3692 quamquam
554 3627 618 3671 rem
647 3607 793 3693 publicam
814 3631 874 3672 non
898 3608 1017 3692 tetigit,
1042 3631 1104 3673 non
1125 3611 1176 3675 ab·

149 3707 300 3787 minaret,
323 3707 395 3775 inde
409 3732 472 3776 uon
488 3711 604 3790 minus,
629 3732 718 3795 quam
734 3712 811 3792 quod
828 3723 964 3796 tempora
981 3711 1176 3796 hominesque

148 3809 310 3875 verissime
333 3812 514 3899 castigavit,
546 3814 677 3878 omnium
699 3814 763 3876 lore
786 3814 885 3879 studia
904 3814 936 3878 in
958 3835 992 3886 se
1014 3815 1175 3881 convertit.

148 3909 270 3993 Quodsi
285 3911 344 3975 iam
361 3915 551 3997 quaerimus,
576 3926 722 3999 qnatenus
744 3911 869 3980 Persius
885 3915 916 3979 in
931 3917 1033 3982 satiris
1048 3918 1110 3980 suis
1126 3919 1176 3981 vel

147 4013 303 4096 antiquam
332 4011 412 4080 illam
442 4016 613 4082 libertatem
643 4018 835 4092 servaverit,
874 4007 925 4083 vel
955 4020 1001 4082 sui
1035 4019 1177 4103 temporis
