2596 4612
470 325 828 391 suetudounttn.
1122 352 1163 395 ur

132 494 300 581 imagine·
314 496 381 561 eins
397 491 658 582 nabis-possumus
682 499 891 578 ooniormare,
915 501 1037 564 muitum
1060 507 1163 566 tumen

132 598 243 676 abest,
266 608 300 672 nt
315 599 366 662 vel
380 600 553 680 euanuit,
578 621 656 685 quae
672 602 766 673 daeo
783 602 892 674 tradita
907 613 1004 683 suut,
1020 614 1163 669 noeurate

131 711 323 787 pertractata
337 701 518 782 bsheamus,
535 703 645 767 nedum
658 704 750 768 muita
767 704 977 770 desideremus
990 706 1028 770 ad
1043 707 1162 790 pienum

133 815 249 890 poetae
267 804 474 886 memorabilis
495 787 713 889 adgnitioueru.
753 804 841 890 Quae
865 818 949 871 eerto
972 807 1009 871 ad
1024 805 1162 872 Persium

133 907 250 972 reterri
264 905 384 990 possint
396 926 491 991 panea
513 919 596 973 sunt.
636 907 742 973 sabat.
764 920 870 988 natat,
895 910 1018 974 sadran
1041 910 1162 975 tertium

125 1010 315 1075 translatum
329 1028 399 1072 esse
414 1030 456 1074 ax
471 1009 583 1076 Luoilii
604 1012 681 1076 utro
704 1023 829 1094 quanto,
853 1012 905 1075 ubi
926 1012 1050 1076 divitum
1074 1008 1164 1076 luxu-

134 1115 213 1177 riam
236 1121 272 1175 et
289 1111 364 1174 vitia
393 1112 601 1196 castigaverit.
649 1113 751 1197 Atque
789 1114 827 1178 sd
864 1113 922 1179 boo
953 1125 1164 1198 argumentum

135 1225 280 1301 spectant
294 1214 441 1298 quaedem
456 1217 524 1280 eius
537 1216 607 1280 libri
623 1217 813 1299 fragments,
837 1232 963 1300 quom
981 1226 1084 1280 tamen
1098 1215 1164 1280 uui-

134 1319 199 1383 luns
213 1317 257 1381 ita
271 1328 477 1399 comparatum
491 1328 540 1382 est
548 1310 562 1396 ,'
582 1328 615 1382 ut
629 1318 667 1382 ad
687 1315 827 1381 Persium
843 1318 954 1381 referri
970 1318 1086 1402 possit,
1110 1328 1164 1379 ne-

135 1440 195 1504 que
209 1418 335 1511 omuino
349 1429 492 1484 emunata
507 1419 557 1484 ilia
573 1421 669 1485 sobab.
687 1407 844 1485 adnuntio
860 1440 931 1486 esse
951 1429 1082 1517 potest,
1097 1434 1164 1482 eum
1285 1444 1293 1458 ·

118 1521 239 1587 ¹Persii
260 1517 423 1586 sutira-Ill
441 1520 473 1585 in
497 1523 589 1606 longa
609 1523 672 1587 alio
692 1533 874 1608 argumento
888 1532 1051 1600 versetur,
1074 1530 1165 1605 utque

135 1624 263 1690 divitum
284 1623 408 1688 luxuria
430 1625 626 1708 castigandas
656 1640 751 1709 qnare
779 1625 806 1688 si
835 1627 917 1688 torte
942 1645 1003 1688 uno
1025 1623 1164 1689 alterdre

117 1727 207 1792 'bueo
225 1723 378 1790 Lueidinm
399 1727 557 1811 respexit,
579 1738 675 1791 totam
699 1727 825 1792 satiram
845 1728 883 1791 ad
906 1726 971 1792 eius
994 1724 1166 1811 exemplum
1203 1772 1206 1780 .

136 1848 316 1913 expressum
332 1847 414 1904 esse,
433 1849 495 1892 nnn
511 1839 558 1893 est
572 1830 750 1895 verisimile.
772 1826 888 1893 Verum
904 1850 966 1893 non
983 1827 1049 1893 sine
1066 1829 1167 1891 iruetu

137 1931 259 2018 longior
272 1929 386 1995 Luoibii
400 1931 487 1994 iosus
499 1931 538 1994 de
559 1932 693 2012 virtute,
716 1953 804 2017 quem
826 1933 965 1996 servavit
985 1927 1180 2013 Lactantius⁸

135 2032 174 2118 (t
188 2032 232 2098 D.
252 2029 309 2111 Vl,
326 2031 359 2112 5,
375 2032 409 2100 2.
426 2035 517 2115 irgm.
534 2033 597 2098 ine.
617 2032 668 2117 1),
691 2055 759 2098 oum
773 2036 812 2108 iis
828 2033 1063 2118 comparabitur,
1088 2048 1164 2112 qnae

135 2137 167 2202 iu
188 2137 298 2202 eudem
321 2134 416 2201 satira
437 2135 567 2219 disputat
589 2133 715 2200 Persius
730 2133 803 2214 (111,
820 2133 862 2198 66
878 2131 983 2219 squ),
1005 2151 1079 2216 quos
1095 2142 1166 2196 ver-

135 2260 210 2318 sus,
241 2237 311 2322 quia
331 2238 363 2302 in
385 2234 603 2303 commentario
628 2235 767 2322 integros
793 2255 948 2322 apponere
978 2234 1084 2311 omisi,
1117 2231 1165 2297 bie

137 2340 317 2408 exhibeam.
340 2337 421 2406 Sunt
433 2361 510 2407 sero
526 2341 622 2404 tolose

118 2449 120 2453 '
177 2440 312 2521 Virtus,
329 2442 459 2520 Albine,
484 2453 551 2523 est,
574 2442 704 2530 pretium
720 2441 899 2528 persolvere
917 2432 1034 2517 verum,

178 2544 278 2628 Queis
292 2543 327 2609 in
340 2564 519 2621 versamur,
546 2545 632 2630 queis
646 2545 777 2611 vivimus
791 2545 884 2610 rebus
899 2545 1028 2621 adesse3

140 2680 143 2685 ·
177 2644 291 2712 Virtus
305 2659 353 2713 est
367 2646 517 2724 bominis,
540 2648 621 2712 seire
645 2648 695 2726 id,
719 2649 798 2731 quod
816 2663 951 2731 quaeque
967 2642 1080 2708 babeat
1093 2662 1164 2721 res,

177 2748 290 2816 Virtus
304 2749 404 2830 seire,
423 2749 543 2813 bomini
559 2760 695 2828 reatum,
723 2749 816 2828 utile,
841 2749 911 2833 quid
933 2746 973 2812 sit
991 2746 1163 2820 honestum,

180 2847 272 2937 Quos
294 2851 392 2930 bons,
415 2870 492 2935 quse
514 2851 593 2916 mals
614 2851 706 2928 item,
729 2852 799 2934 quid
821 2851 949 2929 inutile,
980 2860 1087 2934 turpe,
1105 2846 1165 2910 in-

680 2953 854 3017 honestum.

181 3056 311 3136 Virtus,
335 3056 529 3140 quaerendae
544 3057 635 3118 dnum
650 3055 696 3120 rei
712 3054 998 3135 seire-modumque,
1036 3129 1038 3133 μ

184 3160 314 3239 Virtus,
338 3158 451 3223 divitiis
466 3157 595 3242 pretinm
611 3156 788 3242 persolvere
803 3174 906 3240 posse,

179 3263 308 3340 Virtus,
330 3261 361 3326 id
377 3262 470 3338 dare,
483 3261 573 3343 ‘quod
588 3279 623 3323 re
638 3261 703 3343 ipsa
720 3259 850 3324 debetur
862 3255 992 3330 bonori3

179 3365 312 3430 Hostem
335 3383 426 3441 esse,
449 3373 539 3446 utque
562 3361 715 3426 inimioum
739 3362 892 3426 bominum
915 3378 1087 3441 morumque
1105 3376 1166 3418 ma-
1263 3343 1271 3359 ⁹

682 3465 794 3543 lorum,

113 3588 115 3593 ’
181 3568 302 3635 Contra
317 3567 510 3633 defensorem
527 3566 680 3631 bominum
695 3582 870 3648 morumque
886 3563 1047 3640 bonorum,

172 3761 206 3811 Α.
227 3758 453 3818 Petsrmsuu,
470 3755 502 3809 de
521 3756 550 3807 C·
570 3754 666 3805 Lucilii
685 3753 740 3803 vitu
757 3760 784 3804 et
800 3751 966 3803 torminibus.
992 3750 1066 3803 Vrut.
1089 3750 1163 3799 tstt.

172 3827 206 3878 H.
234 3823 472 3885 Sebneubeek,
501 3831 615 3888 quuestt.
635 3820 765 3873 Lucilian.
788 3827 856 3886 part.
883 3819 958 3870 Posu.
979 3819 1056 3872 1811.
1088 3816 1167 3868 Var-

174 3911 254 3960 gea,
279 3890 349 3946 sse.
375 3899 487 3961 quuestt.
516 3893 600 3944 Lueil.
626 3894 653 3942 iu
677 3905 743 3942 suus.
769 3889 852 3940 Rbeu.
877 3904 900 3939 a.
930 3885 994 3940 1835
1021 3902 1045 3952 p.
1066 3885 1096 3936 15
1109 3899 1163 3948 sqq.

175 3963 273 4015 Lucilii
304 3978 395 4028 ugrum.
408 3962 427 4013 1.
447 3961 481 4013 ΙΙΙ
499 3962 541 4012 sd.
560 3960 700 4026 Versus.
719 3958 799 4011 Ststt.
815 3958 890 4012 tuso.
910 3955 1050 4011 DsLuettii
1064 3952 1165 4016 irguru.

174 4034 196 4085 1.
217 4032 254 4086 ΙΧ
272 4033 339 4101 disp.
359 4031 520 4086 Schmidt.
544 4031 629 4082 basol.
652 4029 726 4083 1810.
