<?xml version="1.0" encoding="UTF-8"?>
<!DOCTYPE html PUBLIC "-//W3C//DTD XHTML 1.0 Transitional//EN"
    "http://www.w3.org/TR/xhtml1/DTD/xhtml1-transitional.dtd">
<html xmlns="http://www.w3.org/1999/xhtml" xml:lang="en" lang="en">
 <head>
  <title>
</title>
<meta http-equiv="Content-Type" content="text/html;charset=utf-8" />
  <meta name='ocr-system' content='tesseract 3.04.00' />
  <meta name='ocr-capabilities' content='ocr_page ocr_carea ocr_par ocr_line ocrx_word'/>
</head>
<body>
  <div class='ocr_page' id='page_1' title='image "aulipersiiflacc00persgoog_0030.png"; bbox 0 0 2596 4612; ppageno 0'>
   <div class='ocr_carea' id='block_1_1' title="bbox 133 349 811 429">
    <p class='ocr_par' dir='ltr' id='par_1_1' title="bbox 133 349 811 429">
     <span class='ocr_line' id='line_1_1' title="bbox 133 349 811 429; baseline -0.01 -10"><span class='ocrx_word' id='word_1_1' title='bbox 133 377 181 419; x_wconf 84' lang='lat' dir='ltr'><strong>xm</strong></span> <span class='ocrx_word' id='word_1_2' title='bbox 453 349 811 429; x_wconf 72' lang='lat' dir='ltr'><strong>PROLEGOHENA.</strong></span> 
     </span>
    </p>
   </div>
   <div class='ocr_carea' id='block_1_2' title="bbox 129 519 1165 2865">
    <p class='ocr_par' dir='ltr' id='par_1_2' title="bbox 129 519 1165 2865">
     <span class='ocr_line' id='line_1_2' title="bbox 133 519 1162 608; baseline -0.006 -16"><span class='ocrx_word' id='word_1_3' title='bbox 133 535 271 592; x_wconf 85' lang='lat' dir='ltr'><strong>nostrum</strong></span> <span class='ocrx_word' id='word_1_4' title='bbox 293 520 464 589; x_wconf 86' lang='lat' dir='ltr'><strong>Cornutum</strong></span> <span class='ocrx_word' id='word_1_5' title='bbox 486 535 643 589; x_wconf 72' lang='lat' dir='ltr'><strong>auctorem</strong></span> <span class='ocrx_word' id='word_1_6' title='bbox 657 523 795 608; x_wconf 80' lang='lat' dir='ltr'><strong>ognovit.</strong></span> <span class='ocrx_word' id='word_1_7' title='bbox 827 519 919 603; x_wconf 76' lang='lat' dir='ltr'><strong>Quod</strong></span> <span class='ocrx_word' id='word_1_8' title='bbox 933 533 1037 588; x_wconf 73' lang='lat' dir='ltr'><strong>mmcn</strong></span> <span class='ocrx_word' id='word_1_9' title='bbox 1050 534 1162 587; x_wconf 49' lang='lat' dir='ltr'><strong>ossen*</strong></span> 
     </span>
     <span class='ocr_line' id='line_1_3' title="bbox 129 623 1162 711; baseline -0.005 -17"><span class='ocrx_word' id='word_1_10' title='bbox 129 649 200 694; x_wconf 87' lang='lat' dir='ltr'><strong>sum</strong></span> <span class='ocrx_word' id='word_1_11' title='bbox 222 626 363 708; x_wconf 88' lang='lat' dir='ltr'><strong>cohibet,</strong></span> <span class='ocrx_word' id='word_1_12' title='bbox 387 626 478 693; x_wconf 85' lang='lat' dir='ltr'><strong>exilis</strong></span> <span class='ocrx_word' id='word_1_13' title='bbox 501 626 649 711; x_wconf 78' lang='lat' dir='ltr'><strong>quaedum</strong></span> <span class='ocrx_word' id='word_1_14' title='bbox 673 627 820 693; x_wconf 73' lang='lat' dir='ltr'><strong>sterilitas</strong></span> <span class='ocrx_word' id='word_1_15' title='bbox 841 637 905 706; x_wconf 90' lang='lat' dir='ltr'><strong>est,</strong></span> <span class='ocrx_word' id='word_1_16' title='bbox 928 645 986 710; x_wconf 82' lang='lat' dir='ltr'><strong>qun</strong></span> <span class='ocrx_word' id='word_1_17' title='bbox 1006 623 1058 689; x_wconf 82' lang='lat' dir='ltr'><strong>tic</strong></span> <span class='ocrx_word' id='word_1_18' title='bbox 1080 623 1162 689; x_wconf 80' lang='lat' dir='ltr'><strong>liber</strong></span> 
     </span>
     <span class='ocr_line' id='line_1_4' title="bbox 132 727 1161 816; baseline -0.004 -19"><span class='ocrx_word' id='word_1_19' title='bbox 132 730 318 816; x_wconf 88' lang='lat' dir='ltr'><strong>compositus</strong></span> <span class='ocrx_word' id='word_1_20' title='bbox 334 741 400 809; x_wconf 88' lang='lat' dir='ltr'><strong>est,</strong></span> <span class='ocrx_word' id='word_1_21' title='bbox 423 750 500 814; x_wconf 79' lang='lat' dir='ltr'><strong>quoe</strong></span> <span class='ocrx_word' id='word_1_22' title='bbox 522 751 586 793; x_wconf 92' lang='lat' dir='ltr'><strong>uon</strong></span> <span class='ocrx_word' id='word_1_23' title='bbox 606 729 729 796; x_wconf 86' lang='lat' dir='ltr'><strong>ridetur</strong></span> <span class='ocrx_word' id='word_1_24' title='bbox 750 731 861 794; x_wconf 84' lang='lat' dir='ltr'><strong>cedere</strong></span> <span class='ocrx_word' id='word_1_25' title='bbox 881 728 914 792; x_wconf 93' lang='lat' dir='ltr'><strong>in</strong></span> <span class='ocrx_word' id='word_1_26' title='bbox 929 729 1029 794; x_wconf 84' lang='lat' dir='ltr'><strong>virum</strong></span> <span class='ocrx_word' id='word_1_27' title='bbox 1043 727 1161 793; x_wconf 80' lang='lat' dir='ltr'>eximie</span> 
     </span>
     <span class='ocr_line' id='line_1_5' title="bbox 130 827 1159 917; baseline -0.005 -18"><span class='ocrx_word' id='word_1_28' title='bbox 130 834 274 912; x_wconf 87' lang='lat' dir='ltr'><strong>doctum,</strong></span> <span class='ocrx_word' id='word_1_29' title='bbox 305 834 424 916; x_wconf 77' lang='lat' dir='ltr'><strong>qualem</strong></span> <span class='ocrx_word' id='word_1_30' title='bbox 456 833 522 897; x_wconf 87' lang='lat' dir='ltr'><strong>iure</strong></span> <span class='ocrx_word' id='word_1_31' title='bbox 556 832 645 898; x_wconf 84' lang='lat' dir='ltr'><strong>nolis</strong></span> <span class='ocrx_word' id='word_1_32' title='bbox 671 840 937 917; x_wconf 75' lang='lat' dir='ltr'><strong>repraesentamus</strong></span> <span class='ocrx_word' id='word_1_33' title='bbox 971 827 1159 895; x_wconf 86' lang='lat' dir='ltr'><strong>Cornutum.</strong></span> 
     </span>
     <span class='ocr_line' id='line_1_6' title="bbox 132 932 1161 1021; baseline -0.003 -20"><span class='ocrx_word' id='word_1_34' title='bbox 132 933 261 1001; x_wconf 85' lang='lat' dir='ltr'><strong>Difficile</strong></span> <span class='ocrx_word' id='word_1_35' title='bbox 277 934 372 1003; x_wconf 81' lang='lat' dir='ltr'><strong>estin</strong></span> <span class='ocrx_word' id='word_1_36' title='bbox 387 936 445 1003; x_wconf 82' lang='lat' dir='ltr'><strong>huc</strong></span> <span class='ocrx_word' id='word_1_37' title='bbox 460 935 599 1021; x_wconf 92' lang='lat' dir='ltr'><strong>opusculi</strong></span> <span class='ocrx_word' id='word_1_38' title='bbox 620 936 817 1015; x_wconf 86' lang='lat' dir='ltr'><strong>conditione,</strong></span> <span class='ocrx_word' id='word_1_39' title='bbox 842 934 920 1019; x_wconf 87' lang='lat' dir='ltr'><strong>qnod</strong></span> <span class='ocrx_word' id='word_1_40' title='bbox 940 933 1054 997; x_wconf 82' lang='lat' dir='ltr'><strong>misere</strong></span> <span class='ocrx_word' id='word_1_41' title='bbox 1077 932 1161 998; x_wconf 90' lang='lat' dir='ltr'><strong>lnce·</strong></span> 
     </span>
     <span class='ocr_line' id='line_1_7' title="bbox 132 1036 1161 1124; baseline -0.003 -20"><span class='ocrx_word' id='word_1_42' title='bbox 132 1048 233 1104; x_wconf 84' lang='lat' dir='ltr'><strong>ratum</strong></span> <span class='ocrx_word' id='word_1_43' title='bbox 254 1049 344 1122; x_wconf 85' lang='lat' dir='ltr'><strong>utque</strong></span> <span class='ocrx_word' id='word_1_44' title='bbox 367 1048 542 1124; x_wconf 87' lang='lat' dir='ltr'><strong>corruptum</strong></span> <span class='ocrx_word' id='word_1_45' title='bbox 563 1049 667 1104; x_wconf 80' lang='lat' dir='ltr'><strong>exstet</strong></span> <span class='ocrx_word' id='word_1_46' title='bbox 684 1047 713 1115; x_wconf 86' lang='lat'><strong>¹,</strong></span> <span class='ocrx_word' id='word_1_47' title='bbox 738 1037 848 1122; x_wconf 78' lang='lat' dir='ltr'><strong>aliquid</strong></span> <span class='ocrx_word' id='word_1_48' title='bbox 863 1036 1082 1122; x_wconf 77' lang='lat' dir='ltr'><strong>pronuntiere3</strong></span> <span class='ocrx_word' id='word_1_49' title='bbox 1105 1056 1161 1102; x_wconf 85' lang='lat' dir='ltr'><strong>ve·</strong></span> 
     </span>
     <span class='ocr_line' id='line_1_8' title="bbox 133 1139 1162 1227; baseline -0.005 -19"><span class='ocrx_word' id='word_1_50' title='bbox 133 1165 201 1209; x_wconf 89' lang='lat' dir='ltr'><strong>rum</strong></span> <span class='ocrx_word' id='word_1_51' title='bbox 224 1164 292 1208; x_wconf 88' lang='lat' dir='ltr'><strong>cnm</strong></span> <span class='ocrx_word' id='word_1_52' title='bbox 313 1142 386 1207; x_wconf 92' lang='lat' dir='ltr'><strong>illud</strong></span> <span class='ocrx_word' id='word_1_53' title='bbox 409 1139 539 1206; x_wconf 83' lang='lat' dir='ltr'><strong>Cornuti</strong></span> <span class='ocrx_word' id='word_1_54' title='bbox 562 1163 655 1227; x_wconf 90' lang='lat' dir='ltr'><strong>opus,</strong></span> <span class='ocrx_word' id='word_1_55' title='bbox 683 1141 762 1224; x_wconf 89' lang='lat' dir='ltr'><strong>quod</strong></span> <span class='ocrx_word' id='word_1_56' title='bbox 788 1140 894 1206; x_wconf 86' lang='lat' dir='ltr'><strong>eodem</strong></span> <span class='ocrx_word' id='word_1_57' title='bbox 918 1141 1005 1205; x_wconf 88' lang='lat' dir='ltr'><strong>titolo</strong></span> <span class='ocrx_word' id='word_1_58' title='bbox 1027 1141 1162 1207; x_wconf 78' lang='lat' dir='ltr'><strong>aderunt</strong></span> 
     </span>
     <span class='ocr_line' id='line_1_9' title="bbox 134 1242 1161 1332; baseline -0.003 -22"><span class='ocrx_word' id='word_1_59' title='bbox 134 1244 352 1311; x_wconf 79' lang='lat' dir='ltr'><strong>&#39;l’heodoretns</strong></span> <span class='ocrx_word' id='word_1_60' title='bbox 374 1257 408 1309; x_wconf 87' lang='lat' dir='ltr'><strong>et</strong></span> <span class='ocrx_word' id='word_1_61' title='bbox 426 1244 531 1332; x_wconf 84' lang='lat' dir='ltr'><strong>Etym.</strong></span> <span class='ocrx_word' id='word_1_62' title='bbox 548 1242 617 1325; x_wconf 88' lang='grc' dir='ltr'><strong>Μ.,</strong></span> <span class='ocrx_word' id='word_1_63' title='bbox 640 1254 674 1310; x_wconf 84' lang='lat' dir='ltr'><strong>ut</strong></span> <span class='ocrx_word' id='word_1_64' title='bbox 695 1243 845 1323; x_wconf 75' lang='lat' dir='ltr'><strong>diximus,</strong></span> <span class='ocrx_word' id='word_1_65' title='bbox 867 1243 988 1328; x_wconf 76' lang='lat' dir='ltr'><strong>vulgari</strong></span> <span class='ocrx_word' id='word_1_66' title='bbox 1007 1243 1078 1309; x_wconf 90' lang='lat' dir='ltr'><strong>usui</strong></span> <span class='ocrx_word' id='word_1_67' title='bbox 1098 1253 1161 1307; x_wconf 82' lang='lat' dir='ltr'><strong>tru-</strong></span> 
     </span>
     <span class='ocr_line' id='line_1_10' title="bbox 132 1346 1160 1432; baseline -0.005 -18"><span class='ocrx_word' id='word_1_68' title='bbox 132 1347 227 1414; x_wconf 88' lang='lat' dir='ltr'><strong>ditnm</strong></span> <span class='ocrx_word' id='word_1_69' title='bbox 247 1368 317 1414; x_wconf 87' lang='lat' dir='ltr'><strong>esse</strong></span> <span class='ocrx_word' id='word_1_70' title='bbox 331 1347 491 1426; x_wconf 82' lang='lat' dir='ltr'><strong>videatur,</strong></span> <span class='ocrx_word' id='word_1_71' title='bbox 516 1359 548 1412; x_wconf 88' lang='lat' dir='ltr'><strong>et</strong></span> <span class='ocrx_word' id='word_1_72' title='bbox 561 1368 580 1412; x_wconf 81' lang='lat' dir='ltr'><strong>u</strong></span> <span class='ocrx_word' id='word_1_73' title='bbox 594 1346 695 1412; x_wconf 90' lang='lat' dir='ltr'><strong>multis</strong></span> <span class='ocrx_word' id='word_1_74' title='bbox 710 1357 904 1432; x_wconf 82' lang='lat' dir='ltr'><strong>usurpatum,</strong></span> <span class='ocrx_word' id='word_1_75' title='bbox 928 1367 1005 1429; x_wconf 82' lang='lat' dir='ltr'><strong>quse</strong></span> <span class='ocrx_word' id='word_1_76' title='bbox 1019 1365 1073 1410; x_wconf 90' lang='lat' dir='ltr'><strong>res</strong></span> <span class='ocrx_word' id='word_1_77' title='bbox 1088 1346 1160 1410; x_wconf 88' lang='lat' dir='ltr'><strong>inde</strong></span> 
     </span>
     <span class='ocr_line' id='line_1_11' title="bbox 133 1447 1162 1535; baseline 0 -22"><span class='ocrx_word' id='word_1_78' title='bbox 133 1471 253 1535; x_wconf 82' lang='lat' dir='ltr'><strong>quoque</strong></span> <span class='ocrx_word' id='word_1_79' title='bbox 276 1453 490 1526; x_wconf 84' lang='lat' dir='ltr'><strong>confirmetur,</strong></span> <span class='ocrx_word' id='word_1_80' title='bbox 517 1450 595 1534; x_wconf 86' lang='lat' dir='ltr'><strong>quod</strong></span> <span class='ocrx_word' id='word_1_81' title='bbox 616 1450 765 1533; x_wconf 70' lang='lat' dir='ltr'><strong>permulta</strong></span> <span class='ocrx_word' id='word_1_82' title='bbox 786 1469 828 1512; x_wconf 84' lang='lat' dir='ltr'><strong>ex</strong></span> <span class='ocrx_word' id='word_1_83' title='bbox 850 1468 887 1512; x_wconf 92' lang='lat' dir='ltr'><strong>eo</strong></span> <span class='ocrx_word' id='word_1_84' title='bbox 908 1447 987 1512; x_wconf 83' lang='lat' dir='ltr'><strong>libro</strong></span> <span class='ocrx_word' id='word_1_85' title='bbox 1009 1469 1162 1533; x_wconf 77' lang='lat' dir='ltr'><strong>gramme-</strong></span> 
     </span>
     <span class='ocr_line' id='line_1_12' title="bbox 133 1549 1161 1635; baseline -0.003 -19"><span class='ocrx_word' id='word_1_86' title='bbox 133 1551 206 1630; x_wconf 91' lang='lat' dir='ltr'><strong>tici‚</strong></span> <span class='ocrx_word' id='word_1_87' title='bbox 228 1552 364 1635; x_wconf 87' lang='lat' dir='ltr'><strong>inprimis</strong></span> <span class='ocrx_word' id='word_1_88' title='bbox 388 1549 516 1616; x_wconf 87' lang='lat' dir='ltr'><strong>Hesiodi</strong></span> <span class='ocrx_word' id='word_1_89' title='bbox 537 1552 733 1628; x_wconf 85' lang='lat' dir='ltr'><strong>scholiastae,</strong></span> <span class='ocrx_word' id='word_1_90' title='bbox 757 1552 790 1615; x_wconf 92' lang='lat' dir='ltr'><strong>iu</strong></span> <span class='ocrx_word' id='word_1_91' title='bbox 811 1572 899 1616; x_wconf 89' lang='lat' dir='ltr'><strong>nsum</strong></span> <span class='ocrx_word' id='word_1_92' title='bbox 920 1571 1007 1616; x_wconf 89' lang='lat' dir='ltr'><strong>sunm</strong></span> <span class='ocrx_word' id='word_1_93' title='bbox 1030 1570 1161 1616; x_wconf 88' lang='lat' dir='ltr'><strong>conver·</strong></span> 
     </span>
     <span class='ocr_line' id='line_1_13' title="bbox 135 1654 1161 1739; baseline -0.001 -20"><span class='ocrx_word' id='word_1_94' title='bbox 135 1664 239 1719; x_wconf 89' lang='lat' dir='ltr'><strong>terunt</strong></span> <span class='ocrx_word' id='word_1_95' title='bbox 256 1662 287 1730; x_wconf 82' lang='lat'><strong>²,</strong></span> <span class='ocrx_word' id='word_1_96' title='bbox 325 1654 490 1719; x_wconf 85' lang='lat' dir='ltr'><strong>videndum</strong></span> <span class='ocrx_word' id='word_1_97' title='bbox 520 1674 561 1717; x_wconf 85' lang='lat' dir='ltr'><strong>en</strong></span> <span class='ocrx_word' id='word_1_98' title='bbox 590 1655 649 1720; x_wconf 91' lang='lat' dir='ltr'><strong>hoc</strong></span> <span class='ocrx_word' id='word_1_99' title='bbox 679 1675 797 1738; x_wconf 85' lang='lat' dir='ltr'><strong>quoque</strong></span> <span class='ocrx_word' id='word_1_100' title='bbox 826 1675 918 1739; x_wconf 88' lang='lat' dir='ltr'><strong>opus,</strong></span> <span class='ocrx_word' id='word_1_101' title='bbox 952 1663 986 1717; x_wconf 88' lang='lat' dir='ltr'><strong>nt</strong></span> <span class='ocrx_word' id='word_1_102' title='bbox 1013 1663 1061 1717; x_wconf 90' lang='lat' dir='ltr'><strong>tot</strong></span> <span class='ocrx_word' id='word_1_103' title='bbox 1086 1655 1161 1733; x_wconf 77' lang='lat' dir='ltr'><strong>alic,</strong></span> 
     </span>
     <span class='ocr_line' id='line_1_14' title="bbox 135 1754 1163 1842; baseline 0 -21"><span class='ocrx_word' id='word_1_104' title='bbox 135 1757 366 1842; x_wconf 81' lang='lat' dir='ltr'><strong>epitomatorem</strong></span> <span class='ocrx_word' id='word_1_105' title='bbox 395 1766 426 1819; x_wconf 88' lang='lat' dir='ltr'><strong>et</strong></span> <span class='ocrx_word' id='word_1_106' title='bbox 454 1754 618 1820; x_wconf 80' lang='lat' dir='ltr'><strong>sciolorum</strong></span> <span class='ocrx_word' id='word_1_107' title='bbox 644 1757 859 1839; x_wconf 83' lang='lat' dir='ltr'><strong>magistrorum</strong></span> <span class='ocrx_word' id='word_1_108' title='bbox 887 1777 982 1842; x_wconf 82' lang='lat' dir='ltr'><strong>opere</strong></span> <span class='ocrx_word' id='word_1_109' title='bbox 1015 1756 1054 1819; x_wconf 87' lang='lat' dir='ltr'><strong>ad</strong></span> <span class='ocrx_word' id='word_1_110' title='bbox 1082 1756 1163 1821; x_wconf 88' lang='lat' dir='ltr'><strong>hooc</strong></span> 
     </span>
     <span class='ocr_line' id='line_1_15' title="bbox 133 1858 1163 1942; baseline 0.001 -19"><span class='ocrx_word' id='word_1_111' title='bbox 133 1860 325 1924; x_wconf 79' lang='lat' dir='ltr'><strong>ieiunitatem</strong></span> <span class='ocrx_word' id='word_1_112' title='bbox 347 1860 505 1925; x_wconf 85' lang='lat' dir='ltr'><strong>redactum</strong></span> <span class='ocrx_word' id='word_1_113' title='bbox 527 1871 559 1925; x_wconf 82' lang='lat' dir='ltr'><strong>et</strong></span> <span class='ocrx_word' id='word_1_114' title='bbox 579 1859 692 1924; x_wconf 84' lang='lat' dir='ltr'><strong>luxntis</strong></span> <span class='ocrx_word' id='word_1_115' title='bbox 714 1860 857 1924; x_wconf 85' lang='lat' dir='ltr'><strong>membris</strong></span> <span class='ocrx_word' id='word_1_116' title='bbox 883 1860 1024 1942; x_wconf 81' lang='lat' dir='ltr'><strong>moleque</strong></span> <span class='ocrx_word' id='word_1_117' title='bbox 1048 1858 1163 1924; x_wconf 79' lang='lat' dir='ltr'><strong>curctis</strong></span> 
     </span>
     <span class='ocr_line' id='line_1_16' title="bbox 133 1961 1163 2047; baseline 0.001 -20"><span class='ocrx_word' id='word_1_118' title='bbox 133 1962 264 2047; x_wconf 86' lang='lat' dir='ltr'><strong>turpiter</strong></span> <span class='ocrx_word' id='word_1_119' title='bbox 293 1962 493 2027; x_wconf 82' lang='lat' dir='ltr'><strong>deformatum</strong></span> <span class='ocrx_word' id='word_1_120' title='bbox 524 1963 575 2027; x_wconf 90' lang='lat' dir='ltr'><strong>sit.</strong></span> <span class='ocrx_word' id='word_1_121' title='bbox 613 1962 662 2027; x_wconf 89' lang='lat' dir='ltr'><strong>Eo</strong></span> <span class='ocrx_word' id='word_1_122' title='bbox 685 1965 801 2028; x_wconf 90' lang='lat' dir='ltr'><strong>ducunt</strong></span> <span class='ocrx_word' id='word_1_123' title='bbox 822 1962 913 2027; x_wconf 83' lang='lat' dir='ltr'><strong>etiem</strong></span> <span class='ocrx_word' id='word_1_124' title='bbox 929 1961 1047 2026; x_wconf 89' lang='lat' dir='ltr'><strong>diversi</strong></span> <span class='ocrx_word' id='word_1_125' title='bbox 1073 1962 1163 2027; x_wconf 87' lang='lat' dir='ltr'><strong>huius</strong></span> 
     </span>
     <span class='ocr_line' id='line_1_17' title="bbox 133 2064 1164 2150; baseline -0.003 -20"><span class='ocrx_word' id='word_1_126' title='bbox 133 2064 206 2130; x_wconf 87' lang='lat' dir='ltr'><strong>libri</strong></span> <span class='ocrx_word' id='word_1_127' title='bbox 225 2066 259 2130; x_wconf 94' lang='lat' dir='ltr'><strong>in</strong></span> <span class='ocrx_word' id='word_1_128' title='bbox 281 2066 372 2131; x_wconf 87' lang='lat' dir='ltr'><strong>codd.</strong></span> <span class='ocrx_word' id='word_1_129' title='bbox 389 2067 485 2147; x_wconf 87' lang='lat' dir='ltr'><strong>tituli,</strong></span> <span class='ocrx_word' id='word_1_130' title='bbox 510 2087 637 2150; x_wconf 89' lang='lat' dir='ltr'><strong>quorum</strong></span> <span class='ocrx_word' id='word_1_131' title='bbox 651 2086 729 2130; x_wconf 89' lang='lat' dir='ltr'><strong>unus</strong></span> <span class='ocrx_word' id='word_1_132' title='bbox 743 2066 919 2131; x_wconf 85' lang='lat' dir='ltr'><strong>sententiae</strong></span> <span class='ocrx_word' id='word_1_133' title='bbox 933 2077 1022 2129; x_wconf 82' lang='lat' dir='ltr'><strong>meae</strong></span> <span class='ocrx_word' id='word_1_134' title='bbox 1037 2064 1164 2148; x_wconf 82' lang='lat' dir='ltr'><strong>egregie</strong></span> 
     </span>
     <span class='ocr_line' id='line_1_18' title="bbox 135 2165 1162 2252; baseline 0 -21"><span class='ocrx_word' id='word_1_135' title='bbox 135 2169 324 2252; x_wconf 73' lang='lat' dir='ltr'><strong>patrocinari</strong></span> <span class='ocrx_word' id='word_1_136' title='bbox 351 2170 484 2234; x_wconf 88' lang='lat' dir='ltr'><strong>videtur.</strong></span> <span class='ocrx_word' id='word_1_137' title='bbox 529 2167 612 2234; x_wconf 87' lang='lat' dir='ltr'><strong>Nam</strong></span> <span class='ocrx_word' id='word_1_138' title='bbox 642 2169 722 2252; x_wconf 86' lang='lat' dir='ltr'><strong>qnod</strong></span> <span class='ocrx_word' id='word_1_139' title='bbox 750 2169 783 2232; x_wconf 91' lang='lat' dir='ltr'><strong>in</strong></span> <span class='ocrx_word' id='word_1_140' title='bbox 813 2169 882 2232; x_wconf 87' lang='lat' dir='ltr'><strong>cod.</strong></span> <span class='ocrx_word' id='word_1_141' title='bbox 914 2165 989 2232; x_wconf 84' lang='lat' dir='ltr'><strong>Vct.</strong></span> <span class='ocrx_word' id='word_1_142' title='bbox 1027 2165 1162 2250; x_wconf 81' lang='lat' dir='ltr'><strong>legitur:</strong></span> 
     </span>
     <span class='ocr_line' id='line_1_19' title="bbox 134 2263 1164 2358; baseline -0.002 -21"><span class='ocrx_word' id='word_1_143' title='bbox 134 2263 362 2358; x_wconf 77' lang='grc' dir='ltr'><strong><em>Ηοαρνοοίτοα</em></strong></span> <span class='ocrx_word' id='word_1_144' title='bbox 383 2270 551 2356; x_wconf 75' lang='grc' dir='ltr'><strong><em>ἐπιδρομή</em></strong></span> <span class='ocrx_word' id='word_1_145' title='bbox 574 2271 644 2337; x_wconf 74' lang='grc' dir='ltr'><strong>τῶν</strong></span> <span class='ocrx_word' id='word_1_146' title='bbox 665 2269 752 2337; x_wconf 72' lang='lat' dir='ltr'><strong>cccci</strong></span> <span class='ocrx_word' id='word_1_147' title='bbox 775 2267 840 2356; x_wconf 75' lang='grc' dir='ltr'><strong>τήν</strong></span> <span class='ocrx_word' id='word_1_148' title='bbox 857 2266 1054 2354; x_wconf 67' lang='grc' dir='ltr'><strong><em>Ἑλληνικήν</em></strong></span> <span class='ocrx_word' id='word_1_149' title='bbox 1074 2275 1164 2335; x_wconf 75' lang='grc' dir='ltr'><strong><em>θεω-</em></strong></span> 
     </span>
     <span class='ocr_line' id='line_1_20' title="bbox 135 2370 1165 2457; baseline -0.005 -18"><span class='ocrx_word' id='word_1_150' title='bbox 135 2371 215 2456; x_wconf 91' lang='grc' dir='ltr'><strong><em>ρίαν</em></strong></span> <span class='ocrx_word' id='word_1_151' title='bbox 237 2370 541 2457; x_wconf 71' lang='grc' dir='ltr'><em>παραδιδομένων,</em></span> <span class='ocrx_word' id='word_1_152' title='bbox 564 2372 596 2435; x_wconf 90' lang='lat' dir='ltr'><strong>id</strong></span> <span class='ocrx_word' id='word_1_153' title='bbox 617 2373 674 2437; x_wconf 87' lang='lat' dir='ltr'><strong>vix</strong></span> <span class='ocrx_word' id='word_1_154' title='bbox 697 2374 817 2452; x_wconf 88' lang='lat' dir='ltr'><strong>dubito,</strong></span> <span class='ocrx_word' id='word_1_155' title='bbox 848 2374 918 2457; x_wconf 89' lang='lat' dir='ltr'><strong>quin</strong></span> <span class='ocrx_word' id='word_1_156' title='bbox 940 2372 1165 2437; x_wconf 78' lang='lat' dir='ltr'><strong>emendandum</strong></span> 
     </span>
     <span class='ocr_line' id='line_1_21' title="bbox 135 2467 1165 2560; baseline 0.002 -22"><span class='ocrx_word' id='word_1_157' title='bbox 135 2474 195 2539; x_wconf 83' lang='lat' dir='ltr'><strong>sit:</strong></span> <span class='ocrx_word' id='word_1_158' title='bbox 235 2467 435 2560; x_wconf 77' lang='grc' dir='ltr'><strong><em>Ιῖορνοοίτοα</em></strong></span> <span class='ocrx_word' id='word_1_159' title='bbox 472 2471 620 2560; x_wconf 61' lang='lat' dir='ltr'><strong>concupi}</strong></span> <span class='ocrx_word' id='word_1_160' title='bbox 654 2474 725 2541; x_wconf 79' lang='grc' dir='ltr'><strong>τῶν</strong></span> <span class='ocrx_word' id='word_1_161' title='bbox 755 2472 842 2559; x_wconf 68' lang='lat' dir='ltr'><strong>tepeo?</strong></span> <span class='ocrx_word' id='word_1_162' title='bbox 871 2471 936 2560; x_wconf 73' lang='grc' dir='ltr'><strong>τήν</strong></span> <span class='ocrx_word' id='word_1_163' title='bbox 964 2468 1165 2559; x_wconf 75' lang='grc' dir='ltr'><strong><em>Ἑλληνικήν</em></strong></span> 
     </span>
     <span class='ocr_line' id='line_1_22' title="bbox 134 2564 1163 2666; baseline -0.002 -24"><span class='ocrx_word' id='word_1_164' title='bbox 134 2575 321 2663; x_wconf 72' lang='grc' dir='ltr'><strong><em>θεολογίαν</em></strong></span> <span class='ocrx_word' id='word_1_165' title='bbox 349 2575 643 2666; x_wconf 79' lang='grc' dir='ltr'><strong><em>παραδιδομένων.</em></strong></span> <span class='ocrx_word' id='word_1_166' title='bbox 691 2564 792 2659; x_wconf 78' lang='lat' dir='ltr'><strong>Quod</strong></span> <span class='ocrx_word' id='word_1_167' title='bbox 815 2579 850 2644; x_wconf 91' lang='lat' dir='ltr'><strong>si</strong></span> <span class='ocrx_word' id='word_1_168' title='bbox 870 2577 1022 2661; x_wconf 83' lang='lat' dir='ltr'><strong>occipias,</strong></span> <span class='ocrx_word' id='word_1_169' title='bbox 1044 2577 1163 2654; x_wconf 68' lang='lat' dir='ltr'><strong>sides,</strong></span> 
     </span>
     <span class='ocr_line' id='line_1_23' title="bbox 134 2679 1165 2762; baseline -0.001 -18"><span class='ocrx_word' id='word_1_170' title='bbox 134 2699 242 2744; x_wconf 82' lang='lat' dir='ltr'><strong>verum</strong></span> <span class='ocrx_word' id='word_1_171' title='bbox 271 2679 390 2744; x_wconf 87' lang='lat' dir='ltr'><strong>titulum</strong></span> <span class='ocrx_word' id='word_1_172' title='bbox 420 2703 489 2746; x_wconf 88' lang='lat' dir='ltr'><strong>esso</strong></span> <span class='ocrx_word' id='word_1_173' title='bbox 519 2690 673 2744; x_wconf 81' lang='lat' dir='ltr'><strong>servotum</strong></span> <span class='ocrx_word' id='word_1_174' title='bbox 703 2691 736 2745; x_wconf 88' lang='lat' dir='ltr'><strong>ct</strong></span> <span class='ocrx_word' id='word_1_175' title='bbox 762 2681 853 2745; x_wconf 90' lang='lat' dir='ltr'><strong>simul</strong></span> <span class='ocrx_word' id='word_1_176' title='bbox 875 2679 1010 2762; x_wconf 91' lang='lat' dir='ltr'><strong>opusculi</strong></span> <span class='ocrx_word' id='word_1_177' title='bbox 1030 2679 1165 2743; x_wconf 86' lang='lat' dir='ltr'><strong>indolem</strong></span> 
     </span>
     <span class='ocr_line' id='line_1_24' title="bbox 135 2780 1164 2865; baseline -0.001 -17"><span class='ocrx_word' id='word_1_178' title='bbox 135 2784 312 2850; x_wconf 73' lang='lat' dir='ltr'><strong>indicatam.</strong></span> <span class='ocrx_word' id='word_1_179' title='bbox 346 2780 450 2865; x_wconf 81' lang='lat' dir='ltr'><strong>Quare</strong></span> <span class='ocrx_word' id='word_1_180' title='bbox 475 2783 573 2848; x_wconf 91' lang='lat' dir='ltr'><strong>donec</strong></span> <span class='ocrx_word' id='word_1_181' title='bbox 596 2782 770 2850; x_wconf 80' lang='lat' dir='ltr'><strong>accuratior</strong></span> <span class='ocrx_word' id='word_1_182' title='bbox 790 2783 985 2865; x_wconf 81' lang='lat' dir='ltr'><strong>investigatio</strong></span> <span class='ocrx_word' id='word_1_183' title='bbox 1008 2782 1087 2847; x_wconf 87' lang='lat' dir='ltr'><strong>eliud</strong></span> <span class='ocrx_word' id='word_1_184' title='bbox 1109 2803 1164 2848; x_wconf 89' lang='lat' dir='ltr'><strong>ve-</strong></span> 
     </span>
    </p>
   </div>
   <div class='ocr_carea' id='block_1_3' title="bbox 137 2997 1167 3210">
    <p class='ocr_par' dir='ltr' id='par_1_3' title="bbox 137 2997 1167 3210">
     <span class='ocr_line' id='line_1_25' title="bbox 137 2997 1165 3071; baseline 0 -16"><span class='ocrx_word' id='word_1_185' title='bbox 137 3003 150 3055; x_wconf 92' lang='lat' dir='ltr'><strong>l</strong></span> <span class='ocrx_word' id='word_1_186' title='bbox 170 3000 212 3053; x_wconf 83' lang='lat' dir='ltr'><strong>ct</strong></span> <span class='ocrx_word' id='word_1_187' title='bbox 230 3001 340 3055; x_wconf 76' lang='lat' dir='ltr'><strong>liliitzell</strong></span> <span class='ocrx_word' id='word_1_188' title='bbox 357 3003 388 3053; x_wconf 84' lang='lat' dir='ltr'><strong>de</strong></span> <span class='ocrx_word' id='word_1_189' title='bbox 405 3004 507 3055; x_wconf 88' lang='lat' dir='ltr'><strong>emend.</strong></span> <span class='ocrx_word' id='word_1_190' title='bbox 526 3005 613 3068; x_wconf 66' lang='lat' dir='ltr'><strong>theos.</strong></span> <span class='ocrx_word' id='word_1_191' title='bbox 633 3001 739 3055; x_wconf 83' lang='lat' dir='ltr'><strong>Hesiod.</strong></span> <span class='ocrx_word' id='word_1_192' title='bbox 759 3019 785 3070; x_wconf 89' lang='lat' dir='ltr'><strong>p.</strong></span> <span class='ocrx_word' id='word_1_193' title='bbox 804 3001 855 3056; x_wconf 81' lang='lat'><strong>307</strong></span> <span class='ocrx_word' id='word_1_194' title='bbox 868 3019 907 3069; x_wconf 90' lang='lat' dir='ltr'><strong>sq.</strong></span> <span class='ocrx_word' id='word_1_195' title='bbox 932 2997 1072 3056; x_wconf 87' lang='lat' dir='ltr'><strong>Villoisuni</strong></span> <span class='ocrx_word' id='word_1_196' title='bbox 1088 3019 1165 3071; x_wconf 80' lang='lat' dir='ltr'><strong>uppu-</strong></span> 
     </span>
     <span class='ocr_line' id='line_1_26' title="bbox 169 3071 1167 3139; baseline 0.001 -15"><span class='ocrx_word' id='word_1_197' title='bbox 169 3079 257 3124; x_wconf 86' lang='lat' dir='ltr'><strong>rctnm</strong></span> <span class='ocrx_word' id='word_1_198' title='bbox 274 3073 396 3124; x_wconf 79' lang='lat' dir='ltr'><strong>criticum</strong></span> <span class='ocrx_word' id='word_1_199' title='bbox 414 3073 521 3137; x_wconf 78' lang='lat' dir='ltr'><strong>(Anecd.</strong></span> <span class='ocrx_word' id='word_1_200' title='bbox 543 3089 584 3137; x_wconf 80' lang='lat' dir='ltr'><strong>gr.</strong></span> <span class='ocrx_word' id='word_1_201' title='bbox 602 3071 623 3125; x_wconf 90' lang='lat' dir='ltr'><strong>ll</strong></span> <span class='ocrx_word' id='word_1_202' title='bbox 642 3089 666 3139; x_wconf 90' lang='lat' dir='ltr'><strong>p.</strong></span> <span class='ocrx_word' id='word_1_203' title='bbox 686 3073 766 3138; x_wconf 79' lang='lat'><strong>423),</strong></span> <span class='ocrx_word' id='word_1_204' title='bbox 791 3072 833 3139; x_wconf 90' lang='lat' dir='ltr'><strong>qui</strong></span> <span class='ocrx_word' id='word_1_205' title='bbox 857 3074 883 3123; x_wconf 92' lang='lat' dir='ltr'><strong>in</strong></span> <span class='ocrx_word' id='word_1_206' title='bbox 910 3073 1068 3126; x_wconf 82' lang='lat' dir='ltr'><strong>bibliotheca</strong></span> <span class='ocrx_word' id='word_1_207' title='bbox 1084 3073 1167 3138; x_wconf 76' lang='lat' dir='ltr'><strong>Regin</strong></span> 
     </span>
     <span class='ocr_line' id='line_1_27' title="bbox 168 3139 1165 3210; baseline 0.003 -19"><span class='ocrx_word' id='word_1_208' title='bbox 168 3141 255 3192; x_wconf 84' lang='lat' dir='ltr'><strong>Puris.</strong></span> <span class='ocrx_word' id='word_1_209' title='bbox 280 3149 433 3193; x_wconf 76' lang='lat' dir='ltr'><strong>asservatur</strong></span> <span class='ocrx_word' id='word_1_210' title='bbox 457 3142 573 3208; x_wconf 75' lang='lat' dir='ltr'><strong>(Subdu,</strong></span> <span class='ocrx_word' id='word_1_211' title='bbox 602 3139 696 3193; x_wconf 86' lang='lat' dir='ltr'><strong>Gesch.</strong></span> <span class='ocrx_word' id='word_1_212' title='bbox 722 3142 748 3193; x_wconf 91' lang='lat' dir='ltr'><strong>d.</strong></span> <span class='ocrx_word' id='word_1_213' title='bbox 775 3142 879 3194; x_wconf 82' lang='lat' dir='ltr'><strong>Grieclr.</strong></span> <span class='ocrx_word' id='word_1_214' title='bbox 906 3143 972 3195; x_wconf 89' lang='lat' dir='ltr'><strong>Litt.</strong></span> <span class='ocrx_word' id='word_1_215' title='bbox 999 3142 1022 3194; x_wconf 91' lang='lat' dir='ltr'><strong>ll</strong></span> <span class='ocrx_word' id='word_1_216' title='bbox 1046 3160 1071 3210; x_wconf 91' lang='lat' dir='ltr'><strong>p.</strong></span> <span class='ocrx_word' id='word_1_217' title='bbox 1092 3142 1165 3207; x_wconf 80' lang='grc'>657),</span> 
     </span>
    </p>
   </div>
   <div class='ocr_carea' id='block_1_4' title="bbox 169 3209 1167 3348">
    <p class='ocr_par' dir='ltr' id='par_1_4' title="bbox 169 3209 1167 3348">
     <span class='ocr_line' id='line_1_28' title="bbox 169 3209 1167 3279; baseline 0.005 -21"><span class='ocrx_word' id='word_1_218' title='bbox 169 3209 308 3269; x_wconf 84' lang='lat' dir='ltr'><strong>0suunns,</strong></span> <span class='ocrx_word' id='word_1_219' title='bbox 334 3211 360 3259; x_wconf 94' lang='lat' dir='ltr'><strong>ni</strong></span> <span class='ocrx_word' id='word_1_220' title='bbox 379 3210 473 3268; x_wconf 79' lang='lat' dir='ltr'><strong>fallor,</strong></span> <span class='ocrx_word' id='word_1_221' title='bbox 492 3211 519 3260; x_wconf 92' lang='lat' dir='ltr'><strong>in</strong></span> <span class='ocrx_word' id='word_1_222' title='bbox 538 3226 612 3261; x_wconf 87' lang='lat' dir='ltr'><strong>usum</strong></span> <span class='ocrx_word' id='word_1_223' title='bbox 631 3226 707 3262; x_wconf 89' lang='lat' dir='ltr'><strong>suum</strong></span> <span class='ocrx_word' id='word_1_224' title='bbox 725 3212 823 3274; x_wconf 87' lang='lat' dir='ltr'><strong>vertit,</strong></span> <span class='ocrx_word' id='word_1_225' title='bbox 843 3212 886 3276; x_wconf 88' lang='lat' dir='ltr'><strong>qni</strong></span> <span class='ocrx_word' id='word_1_226' title='bbox 904 3213 1008 3277; x_wconf 80' lang='lat' dir='ltr'><strong>quentis</strong></span> <span class='ocrx_word' id='word_1_227' title='bbox 1025 3212 1106 3279; x_wconf 85' lang='lat' dir='ltr'><strong>copiis</strong></span> <span class='ocrx_word' id='word_1_228' title='bbox 1126 3213 1167 3263; x_wconf 82' lang='lat' dir='ltr'><strong>iu·</strong></span> 
     </span>
     <span class='ocr_line' id='line_1_29' title="bbox 169 3278 1017 3348; baseline 0.007 -21"><span class='ocrx_word' id='word_1_229' title='bbox 169 3283 287 3327; x_wconf 85' lang='lat' dir='ltr'><strong>structus</strong></span> <span class='ocrx_word' id='word_1_230' title='bbox 305 3278 342 3328; x_wconf 83' lang='lat' dir='ltr'><strong>nit</strong></span> <span class='ocrx_word' id='word_1_231' title='bbox 359 3278 475 3343; x_wconf 77' lang='lat' dir='ltr'><strong>exemplo</strong></span> <span class='ocrx_word' id='word_1_232' title='bbox 493 3278 580 3327; x_wconf 88' lang='lat' dir='ltr'><strong>docuit</strong></span> <span class='ocrx_word' id='word_1_233' title='bbox 597 3278 710 3343; x_wconf 84' lang='lat' dir='ltr'><strong>(unctor.</strong></span> <span class='ocrx_word' id='word_1_234' title='bbox 731 3280 783 3329; x_wconf 91' lang='lat' dir='ltr'><strong>lex.</strong></span> <span class='ocrx_word' id='word_1_235' title='bbox 803 3295 845 3342; x_wconf 78' lang='lat' dir='ltr'><strong>gr.</strong></span> <span class='ocrx_word' id='word_1_236' title='bbox 865 3298 888 3347; x_wconf 90' lang='lat' dir='ltr'><strong>p.</strong></span> <span class='ocrx_word' id='word_1_237' title='bbox 909 3281 943 3335; x_wconf 81' lang='lat'><strong>82</strong></span> <span class='ocrx_word' id='word_1_238' title='bbox 954 3281 1017 3348; x_wconf 71' lang='lat' dir='ltr'><strong>sep).</strong></span> 
     </span>
    </p>
   </div>
   <div class='ocr_carea' id='block_1_5' title="bbox 135 3359 1168 3986">
    <p class='ocr_par' dir='ltr' id='par_1_5' title="bbox 135 3359 1168 3833">
     <span class='ocr_line' id='line_1_30' title="bbox 135 3359 1166 3435; baseline 0.005 -24"><span class='ocrx_word' id='word_1_239' title='bbox 135 3362 153 3418; x_wconf 80' lang='grc'><strong>2</strong></span> <span class='ocrx_word' id='word_1_240' title='bbox 169 3359 361 3413; x_wconf 71' lang='lat' dir='ltr'><strong>Animadvertit</strong></span> <span class='ocrx_word' id='word_1_241' title='bbox 384 3362 505 3430; x_wconf 34' lang='lat' dir='ltr'><strong>hoc-ium</strong></span> <span class='ocrx_word' id='word_1_242' title='bbox 530 3361 644 3423; x_wconf 82' lang='lat' dir='ltr'><strong>Gelens3</strong></span> <span class='ocrx_word' id='word_1_243' title='bbox 668 3360 826 3432; x_wconf 79' lang='grc' dir='ltr'><strong><em>Κορνοίτοο</em></strong></span> <span class='ocrx_word' id='word_1_244' title='bbox 852 3360 972 3435; x_wconf 74' lang='grc' dir='ltr'><strong>ἐξήγησις</strong></span> <span class='ocrx_word' id='word_1_245' title='bbox 994 3359 1031 3417; x_wconf 80' lang='lat' dir='ltr'><strong>sis</strong></span> <span class='ocrx_word' id='word_1_246' title='bbox 1047 3361 1098 3431; x_wconf 80' lang='grc' dir='ltr'><strong>τὴν</strong></span> <span class='ocrx_word' id='word_1_247' title='bbox 1113 3363 1166 3418; x_wconf 73' lang='grc' dir='ltr'><strong>τοῦ</strong></span> 
     </span>
     <span class='ocr_line' id='line_1_31' title="bbox 165 3423 1168 3503; baseline 0.006 -23"><span class='ocrx_word' id='word_1_248' title='bbox 165 3424 297 3481; x_wconf 85' lang='grc' dir='ltr'><strong><em>Ἡσιόδου</em></strong></span> <span class='ocrx_word' id='word_1_249' title='bbox 322 3430 487 3500; x_wconf 73' lang='grc' dir='ltr'><strong><em>θεογονίαν,</em></strong></span> <span class='ocrx_word' id='word_1_250' title='bbox 513 3438 540 3481; x_wconf 90' lang='lat' dir='ltr'><strong>et</strong></span> <span class='ocrx_word' id='word_1_251' title='bbox 562 3423 600 3484; x_wconf 81' lang='lat' dir='ltr'><strong>sis</strong></span> <span class='ocrx_word' id='word_1_252' title='bbox 624 3423 698 3482; x_wconf 76' lang='grc' dir='ltr'><strong><em>ἆθλα</em></strong></span> <span class='ocrx_word' id='word_1_253' title='bbox 720 3431 770 3483; x_wconf 75' lang='grc' dir='ltr'><strong>τοῦ</strong></span> <span class='ocrx_word' id='word_1_254' title='bbox 784 3429 945 3503; x_wconf 71' lang='grc' dir='ltr'><strong><em>Ἡρακλέους</em></strong></span> <span class='ocrx_word' id='word_1_255' title='bbox 962 3437 989 3486; x_wconf 95' lang='lat' dir='ltr'><strong>in</strong></span> <span class='ocrx_word' id='word_1_256' title='bbox 1007 3435 1168 3486; x_wconf 79' lang='lat' dir='ltr'><strong>bibliothece</strong></span> 
     </span>
     <span class='ocr_line' id='line_1_32' title="bbox 169 3498 1166 3572; baseline 0.004 -23"><span class='ocrx_word' id='word_1_257' title='bbox 169 3498 348 3550; x_wconf 75' lang='lat' dir='ltr'><strong>Laurentisne</strong></span> <span class='ocrx_word' id='word_1_258' title='bbox 369 3501 465 3551; x_wconf 86' lang='lat' dir='ltr'><strong>dicitur</strong></span> <span class='ocrx_word' id='word_1_259' title='bbox 483 3501 582 3551; x_wconf 82' lang='lat' dir='ltr'><strong>exstnri</strong></span> <span class='ocrx_word' id='word_1_260' title='bbox 600 3514 616 3550; x_wconf 86' lang='lat' dir='ltr'><strong>u</strong></span> <span class='ocrx_word' id='word_1_261' title='bbox 635 3501 834 3555; x_wconf 84' lang='lat' dir='ltr'><strong>Montelnlconio</strong></span> <span class='ocrx_word' id='word_1_262' title='bbox 851 3503 929 3568; x_wconf 86' lang='lat' dir='ltr'><strong>(Bibl.</strong></span> <span class='ocrx_word' id='word_1_263' title='bbox 948 3503 998 3556; x_wconf 82' lang='lat' dir='ltr'><strong>lis.</strong></span> <span class='ocrx_word' id='word_1_264' title='bbox 1019 3504 1030 3555; x_wconf 93' lang='lat'>1</span> <span class='ocrx_word' id='word_1_265' title='bbox 1050 3520 1074 3570; x_wconf 92' lang='lat' dir='ltr'><strong>p.</strong></span> <span class='ocrx_word' id='word_1_266' title='bbox 1089 3504 1166 3572; x_wconf 82' lang='grc'>338).</span> 
     </span>
     <span class='ocr_line' id='line_1_33' title="bbox 170 3567 1168 3639; baseline 0.006 -21"><span class='ocrx_word' id='word_1_267' title='bbox 170 3567 220 3619; x_wconf 89' lang='lat' dir='ltr'><strong>llic</strong></span> <span class='ocrx_word' id='word_1_268' title='bbox 238 3569 437 3620; x_wconf 76' lang='lat' dir='ltr'><strong>commentarius</strong></span> <span class='ocrx_word' id='word_1_269' title='bbox 455 3575 542 3621; x_wconf 88' lang='lat' dir='ltr'><strong>utrum</strong></span> <span class='ocrx_word' id='word_1_270' title='bbox 560 3585 651 3624; x_wconf 86' lang='lat' dir='ltr'><strong>revers</strong></span> <span class='ocrx_word' id='word_1_271' title='bbox 669 3586 685 3622; x_wconf 88' lang='lat' dir='ltr'><strong>u</strong></span> <span class='ocrx_word' id='word_1_272' title='bbox 702 3571 817 3625; x_wconf 86' lang='lat' dir='ltr'><strong>Cornuto</strong></span> <span class='ocrx_word' id='word_1_273' title='bbox 836 3573 967 3638; x_wconf 86' lang='lat' dir='ltr'><strong>profectus</strong></span> <span class='ocrx_word' id='word_1_274' title='bbox 986 3574 1036 3634; x_wconf 89' lang='lat' dir='ltr'><strong>sit,</strong></span> <span class='ocrx_word' id='word_1_275' title='bbox 1056 3588 1131 3639; x_wconf 88' lang='lat' dir='ltr'><strong>quem</strong></span> <span class='ocrx_word' id='word_1_276' title='bbox 1151 3590 1168 3624; x_wconf 87' lang='lat' dir='ltr'><strong>u</strong></span> 
     </span>
     <span class='ocr_line' id='line_1_34' title="bbox 171 3638 1168 3706; baseline 0.006 -19"><span class='ocrx_word' id='word_1_277' title='bbox 171 3638 338 3700; x_wconf 68' lang='lat' dir='ltr'><strong>grammatice</strong></span> <span class='ocrx_word' id='word_1_278' title='bbox 356 3640 542 3691; x_wconf 76' lang='lat' dir='ltr'><strong>commentandi</strong></span> <span class='ocrx_word' id='word_1_279' title='bbox 560 3656 636 3706; x_wconf 87' lang='lat' dir='ltr'><strong>opern</strong></span> <span class='ocrx_word' id='word_1_280' title='bbox 655 3657 703 3692; x_wconf 93' lang='lat' dir='ltr'><strong>non</strong></span> <span class='ocrx_word' id='word_1_281' title='bbox 724 3641 805 3694; x_wconf 85' lang='lat' dir='ltr'><strong>luisse</strong></span> <span class='ocrx_word' id='word_1_282' title='bbox 823 3643 934 3693; x_wconf 85' lang='lat' dir='ltr'><strong>eliennnn</strong></span> <span class='ocrx_word' id='word_1_283' title='bbox 950 3644 1063 3702; x_wconf 85' lang='lat' dir='ltr'><strong>scimus,</strong></span> <span class='ocrx_word' id='word_1_284' title='bbox 1083 3658 1116 3693; x_wconf 81' lang='lat' dir='ltr'><strong>sn</strong></span> <span class='ocrx_word' id='word_1_285' title='bbox 1133 3659 1168 3693; x_wconf 86' lang='lat' dir='ltr'><strong>ex</strong></span> 
     </span>
     <span class='ocr_line' id='line_1_35' title="bbox 171 3707 1167 3833; baseline 0.003 -8"><span class='ocrx_word' id='word_1_286' title='bbox 171 3707 1167 3833; x_wconf 64' lang='lat' dir='ltr'><strong>tttttltz³¹th„tttttttt”„l‘ttctttttttt&#39;”nltttttt</strong></span> 
     </span>
    </p>

    <p class='ocr_par' dir='ltr' id='par_1_6' title="bbox 142 3796 1167 3986">
     <span class='ocr_line' id='line_1_36' title="bbox 142 3796 1165 3915; baseline 0.004 -21"><span class='ocrx_word' id='word_1_287' title='bbox 142 3868 144 3873; x_wconf 96' lang='lat'>·</span> <span class='ocrx_word' id='word_1_288' title='bbox 171 3860 221 3910; x_wconf 81' lang='lat' dir='ltr'><strong>qus</strong></span> <span class='ocrx_word' id='word_1_289' title='bbox 245 3813 467 3911; x_wconf 61' lang='lat' dir='ltr'><strong>npud’llndocism</strong></span> <span class='ocrx_word' id='word_1_290' title='bbox 487 3847 594 3899; x_wconf 87' lang='lat' dir='ltr'><strong>Cornuti</strong></span> <span class='ocrx_word' id='word_1_291' title='bbox 617 3796 721 3901; x_wconf 74' lang='lat' dir='ltr'><strong>libellus</strong></span> <span class='ocrx_word' id='word_1_292' title='bbox 747 3797 890 3915; x_wconf 70' lang='lat' dir='ltr'><strong>tiscdrptus</strong></span> <span class='ocrx_word' id='word_1_293' title='bbox 909 3819 950 3901; x_wconf 76' lang='lat' dir='ltr'><strong>cst</strong></span> <span class='ocrx_word' id='word_1_294' title='bbox 980 3849 1026 3912; x_wconf 78' lang='lat' dir='ltr'><strong>(ci.</strong></span> <span class='ocrx_word' id='word_1_295' title='bbox 1047 3820 1165 3901; x_wconf 63' lang='lat' dir='ltr'><strong>ttiitzctts</strong></span> 
     </span>
     <span class='ocr_line' id='line_1_37' title="bbox 171 3913 1167 3986; baseline 0.004 -22"><span class='ocrx_word' id='word_1_296' title='bbox 171 3913 191 3965; x_wconf 92' lang='lat' dir='ltr'><strong>l.</strong></span> <span class='ocrx_word' id='word_1_297' title='bbox 209 3913 252 3980; x_wconf 90' lang='grc'>1.),</span> <span class='ocrx_word' id='word_1_298' title='bbox 272 3922 351 3979; x_wconf 73' lang='lat' dir='ltr'><strong>unget</strong></span> <span class='ocrx_word' id='word_1_299' title='bbox 367 3918 536 3984; x_wconf 74' lang='lat' dir='ltr'><strong>suspiciones,</strong></span> <span class='ocrx_word' id='word_1_300' title='bbox 556 3934 622 3985; x_wconf 78' lang='lat' dir='ltr'><strong>quse</strong></span> <span class='ocrx_word' id='word_1_301' title='bbox 639 3925 730 3969; x_wconf 88' lang='lat' dir='ltr'><strong>contru</strong></span> <span class='ocrx_word' id='word_1_302' title='bbox 746 3920 883 3971; x_wconf 79' lang='lat' dir='ltr'><strong>riciarium</strong></span> <span class='ocrx_word' id='word_1_303' title='bbox 901 3919 1031 3971; x_wconf 81' lang='lat' dir='ltr'><strong>Endociue</strong></span> <span class='ocrx_word' id='word_1_304' title='bbox 1049 3919 1167 3986; x_wconf 78' lang='lat' dir='ltr'><strong>prolutus</strong></span> 
     </span>
    </p>
   </div>
   <div class='ocr_carea' id='block_1_6' title="bbox 170 3982 1168 4119">
    <p class='ocr_par' dir='ltr' id='par_1_7' title="bbox 170 3982 1168 4119">
     <span class='ocr_line' id='line_1_38' title="bbox 170 3982 1168 4119; baseline 0.006 -86"><span class='ocrx_word' id='word_1_305' title='bbox 170 3982 344 4119; x_wconf 35' lang='lat' dir='ltr'><strong>:pntzmlfflum</strong></span> <span class='ocrx_word' id='word_1_306' title='bbox 362 4001 416 4039; x_wconf 88' lang='lat' dir='ltr'><strong>rem</strong></span> <span class='ocrx_word' id='word_1_307' title='bbox 433 3986 525 4040; x_wconf 85' lang='lat' dir='ltr'><strong>anici</strong></span> <span class='ocrx_word' id='word_1_308' title='bbox 543 3989 646 4041; x_wconf 81' lang='lat' dir='ltr'><strong>tundent</strong></span> <span class='ocrx_word' id='word_1_309' title='bbox 664 3988 801 4055; x_wconf 82' lang='lat' dir='ltr'><strong>uliqusndo</strong></span> <span class='ocrx_word' id='word_1_310' title='bbox 818 3991 965 4044; x_wconf 81' lang='lat' dir='ltr'><strong>confectum</strong></span> <span class='ocrx_word' id='word_1_311' title='bbox 978 3989 1023 4053; x_wconf 89' lang='lat' dir='ltr'><strong>iri,</strong></span> <span class='ocrx_word' id='word_1_312' title='bbox 1045 3988 1168 4055; x_wconf 86' lang='lat' dir='ltr'><strong>estquod</strong></span> 
     </span>
     <span class='ocr_line' id='line_1_39' title="bbox 204 4069 579 4106; baseline 0.019 0"><span class='ocrx_word' id='word_1_313' title='bbox 204 4069 233 4106; x_wconf 92' lang='lat' dir='ltr'><strong>er</strong></span> <span class='ocrx_word' id='word_1_314' title='bbox 308 4091 314 4106; x_wconf 92' lang='lat'><strong><em>.</em></strong></span> <span class='ocrx_word' id='word_1_315' title='bbox 576 4082 579 4086; x_wconf 92' lang='lat'><em>·</em></span> 
     </span>
    </p>
   </div>
   <div class='ocr_carea' id='block_1_7' title="bbox 0 0 1312 4612">
    <p class='ocr_par' dir='ltr' id='par_1_8' title="bbox 0 0 1312 4612">
     <span class='ocr_line' id='line_1_40' title="bbox 0 0 1312 4612; baseline 0 0"><span class='ocrx_word' id='word_1_316' title='bbox 0 0 1312 4612; x_wconf 95' lang='lat' dir='ltr'><strong> </strong></span> 
     </span>
    </p>
   </div>
  </div>
 </body>
</html>
