2596 4612
132 486 338 572 apposuerim.
369 483 467 569 Spero
490 498 613 564 tamon,
638 484 688 553 Te
712 486 790 551 sicut
810 487 946 552 rationes
968 508 986 549 a
1009 511 1056 554 me
1074 511 1109 554 ca
1126 492 1164 555 tle
1243 476 1246 479 ¹

132 629 170 673 re
198 607 375 690 expositas,
405 605 447 671 ita
467 605 565 683 viam,
595 625 683 688 quam
714 605 743 667 in
768 606 893 672 edendis
917 608 1040 674 scholiis
1067 612 1163 687 tenui,

133 749 197 790 nou
215 727 305 809 plane
321 725 556 807 improbaturum
573 745 652 792 esse.
678 722 756 788 Olim
773 725 891 806 quidem
908 727 938 792 iu
956 731 1173 810 componendo
1263 795 1264 798 ,

133 856 283 929 apparatu
299 845 406 912 critico
423 864 542 926 operam
559 865 656 908 meam
673 843 830 908 continere
846 845 948 922 volui,
972 868 1045 910 mox
1063 859 1164 912 tamen

133 963 296 1041 intellexi,
320 965 351 1027 in
374 964 430 1027 boc
451 964 600 1046 scriptore
620 964 795 1046 interpretis
811 964 1021 1045 gravissimum
1038 968 1164 1031 officium

135 1105 226 1161 esse,
249 1085 350 1165 itaque
374 1084 621 1150 commentarium
639 1082 822 1166 conscripsi,
846 1084 877 1147 in
894 1106 951 1166 quo
967 1085 997 1146 id
1013 1085 1163 1168 spectavi,

136 1215 168 1269 ut
183 1204 350 1286 explicatio
366 1224 452 1285 quam
468 1203 641 1287 plenissima
658 1204 698 1265 sit
713 1213 743 1263 et
759 1223 846 1284 quant
867 1204 1059 1269 brevissime·
1090 1204 1165 1268 Non

140 1323 266 1407 siugulis
281 1323 373 1405 igitur
387 1323 483 1398 locis,
515 1322 541 1387 si
558 1322 628 1404 quid
645 1321 717 1387 novi
734 1332 765 1383 et
787 1321 890 1412 eximii
912 1323 1073 1400 haberem,
1097 1345 1165 1405 pro-

144 1443 197 1506 lixa
222 1442 427 1525 disputatione
450 1442 623 1525 expromsi,
653 1442 732 1523 quod
763 1441 927 1506 adirotaudi
955 1464 1053 1526 genus
1076 1444 1164 1520 viris,

140 1562 184 1644 qui
200 1561 342 1625 doctrina
359 1573 389 1624 et
403 1562 526 1646 ingenio
544 1558 717 1639 excellent,
743 1560 975 1642 relinquendum
992 1563 1085 1639 duxi,
1111 1567 1163 1627 sed

139 1681 336 1763 quodcunque
359 1682 397 1746 ad
419 1692 505 1745 recte
528 1680 754 1762 intelligendum
776 1693 895 1765 poetam
916 1684 1033 1747 laceret
1054 1683 1166 1747 oll'errc

139 1801 257 1876 studui,
289 1801 332 1864 ita
359 1810 393 1863 ut
424 1821 463 1863 ue
494 1800 620 1864 minoris
646 1801 765 1881 quidem
790 1802 933 1864 uiouoenti
956 1823 1008 1867 res
1028 1802 1166 1867 breviter

139 1920 345 2003 perstringere
368 1920 549 1987 omitterem.
581 1917 809 1985 Sententiarum
832 1921 923 2002 igitur
939 1943 1052 1986 uenum
1069 1922 1166 2004 expli-

138 2040 228 2117 oare,
261 2049 292 2102 et
321 2059 422 2103 rerum
453 2050 544 2121 atque
574 2039 736 2103 verborum
768 2039 983 2103 obscuritatem
1013 2039 1166 2107 illustrare

137 2159 239 2236 volui,
272 2179 329 2240 qua
358 2159 389 2221 iu
419 2180 453 2222 rc
482 2159 513 2222 id
543 2158 614 2224 milri
644 2158 805 2239 praecipue
832 2178 922 2221 curae
946 2159 1019 2234 luit,
1044 2169 1077 2220 ut
1099 2182 1164 2221 cunr

137 2299 263 2361 prorsus
301 2277 463 2360 singularis
498 2274 601 2344 Persii
635 2276 779 2357 loquendi
808 2277 887 2343 ratio
917 2277 975 2355 sit,
1013 2288 1162 2348 notarem,

137 2408 286 2480 quatenus
323 2417 340 2457 a
375 2396 492 2478 vulgari
525 2417 580 2460 usu
610 2397 790 2473 recederet,
820 2408 870 2473 et,
902 2397 1042 2479 quoniam
1073 2417 1165 2482 saepe

136 2536 263 2600 prorsus
294 2514 401 2580 similia
432 2516 542 2579 afferre
573 2535 635 2577 uon
665 2515 796 2590 licebat,
835 2517 991 2598 analogias
1022 2518 1165 2599 quasdam

135 2616 336 2712 indicarem,
350 2655 423 2716 quas
446 2646 569 2699 secutus
592 2655 661 2699 csse
683 2635 849 2699 videretur.
881 2633 926 2699 lta
949 2637 1047 2701 iustae
1071 2637 1167 2719 expli-

136 2756 267 2820 cationis
290 2753 435 2836 quaedam
459 2755 656 2818 fundamenta
674 2754 755 2817 iacta
778 2775 794 2816 a
816 2774 863 2818 me
888 2775 957 2819 esse
980 2777 1040 2818 rron
1056 2756 1166 2821 iniuria

136 2876 268 2940 tortasse
285 2893 438 2938 censeam.
461 2870 550 2953 Quod
566 2873 838 2942 veronrevtuarem
856 2874 1039 2952 nrcnroravi,
1056 2874 1167 2937 ridebit

137 2993 194 3055 boo
218 2995 349 3056 fortasse
373 2992 423 3074 qui
446 2993 694 3057 commentarium
710 2995 784 3057 satis
801 2995 928 3076 amplum
944 2993 1046 3069 videt,
1071 3012 1167 3074 nequo

139 3121 236 3175 tamon
252 3132 288 3177 re
305 3112 477 3177 accuratius
494 3112 686 3178 consideratu
709 3112 868 3178 brevitatis
885 3111 1015 3176 studium
1031 3112 1165 3194 negabit.

135 3228 204 3294 Hoc
234 3231 277 3294 ita
308 3231 437 3313 probare
468 3230 568 3308 volni,
599 3241 632 3295 ut
662 3231 785 3315 primam
809 3231 980 3295 reciderem
1003 3232 1165 3315 superflua,

133 3370 233 3431 neque
262 3359 322 3415 tam
346 3351 540 3414 occasionem
564 3351 600 3414 de
624 3351 715 3415 rebus
738 3352 816 3413 scitu
840 3352 977 3415 iucundis
1000 3352 1166 3415 disserendi

131 3470 274 3552 arripere
311 3491 398 3551 quarn
441 3481 559 3553 poetam
600 3471 756 3553 explicare
801 3472 945 3546 viderer,
992 3491 1167 3552 quamquam

132 3589 289 3652 interdum
320 3609 371 3652 res
402 3590 492 3653 altius
525 3592 691 3674 repetenda
725 3601 811 3667 crat,
850 3603 881 3653 et
909 3590 1031 3652 omnino
1062 3590 1168 3655 distin-

136 3708 290 3788 guendum
314 3719 382 3772 erat
402 3709 484 3772 inter
504 3708 644 3793 vulgaria
661 3720 691 3772 et
707 3711 806 3772 minus
823 3720 906 3771 nota.
941 3708 974 3772 Si
997 3721 1094 3771 tannen
1120 3731 1166 3770 nic

136 3849 256 3911 quoque
284 3830 357 3893 illud
386 3829 544 3912 philologis
578 3841 686 3893 natura
716 3842 747 3892 ut
770 3830 891 3919 uidetur
916 3829 1038 3893 insitum
1064 3828 1167 3891 vitium

136 3958 230 4013 extra
247 3950 331 4014 oleas
348 3949 480 4032 vagandi
496 3949 705 4036 superaverit,
730 3947 848 4013 veniam
873 3969 919 4010 me
942 3949 1167 4031 impetraturum
