2596 4612
472 360 837 428 raouucou-nut.
961 328 967 337 ’
1106 388 1164 432 xm

130 554 200 598 rum
225 552 301 599 esse
322 529 463 614 docebit,
485 533 675 618 putabimus,
699 535 731 600 in
749 534 802 600 illo
824 534 904 599 lihro
920 547 1078 603 servatam
1093 557 1163 605 esse

133 637 220 722 quasi
250 635 388 701 umbram
418 638 586 720 quandam,
617 659 794 723 quamquam
817 658 875 704 nec
896 626 1163 727 ipsam'integraru

134 740 235 826 operis
264 760 294 803 a.
314 737 474 820 Cornuto,
505 737 604 805 Persii
633 753 852 827 praeceptore,
885 744 1030 808 confecti.
1079 743 1164 810 llaec

133 853 206 908 sunt
227 841 438 928 philosophica
460 842 574 928 scripta
596 839 747 924 Cornuti,
772 846 809 908 de
832 845 938 928 quihus
959 847 1079 929 quidem
1100 858 1164 913 tra-

134 945 230 1010 ditum
254 944 316 1026 sit3
340 964 412 1009 nam
432 945 592 1030 scripsisse
616 965 684 1009 eum
707 947 766 1012 alia
789 968 925 1032 quoque,
948 949 1115 1015 verisimile
1132 951 1166 1015 lit

135 1048 349 1114 consideranti
386 1045 501 1114 Suidae
522 1048 619 1114 verba
640 1053 766 1137 ἔγραψε
791 1048 901 1118 πολλοί
923 1045 1110 1138 φιλόσοφα,
1133 1062 1166 1117 et

133 1152 217 1216 vitoe
240 1148 362 1230 Persii,
392 1172 469 1235 quae
499 1151 612 1230 tradit,
643 1172 712 1217 eum
736 1152 944 1240 philosophiae
972 1153 1066 1219 lihros
1094 1154 1167 1220 reli·

136 1254 248 1336 quisse.
277 1251 371 1317 'Haud
400 1253 515 1339 exigua
544 1274 613 1318 eum
643 1256 721 1340 apud
748 1264 889 1340 posteros
910 1255 1052 1322 floruisse
1073 1258 1166 1336 ieme,

138 1357 263 1420 docent·
279 1356 371 1420 etiam
399 1376 476 1440 quae
506 1357 543 1420 de
572 1355 710 1442 Origene
744 1359 840 1422 refert
872 1355 1061 1444 Porphyrius
1090 1359 1168 1442 apud

141 1456 305 1523 Eusebium
327 1457 413 1542 (hist.
439 1479 551 1544 evang.
578 1455 636 1538 le
661 1457 715 1535 19,
740 1458 795 1544 3)=
820 1459 941 1547 Συνῆν
961 1459 1026 1548 γιίρ
1048 1454 1100 1526 αἐλ
1120 1460 1168 1549 spi

138 1558 307 1628 ΙΙλιίτανι
334 1572 407 1634 τοῖς
428 1585 466 1626 σε
488 1562 700 1649 Νουμηνίου
720 1563 778 1630 καί
799 1561 973 1650 Κρονίου,
1002 1559 1169 1631 Ἀπολλο-

137 1656 271 1750 γιίνους
292 1687 330 1729 σε
351 1665 408 1732 καλ
439 1663 615 1752 Λογγίνου
643 1665 701 1732 καί
731 1662 938 1753 Μοδεράτου
959 1664 1168 1755 Νικομάχου

135 1790 172 1832 ce
192 1766 254 1832 καλ
275 1763 347 1832 τῶν
375 1771 415 1834 ἐν
443 1778 517 1842 τοῖς
542 1767 798 1858 Πυθαγορείοις
825 1766 1013 1856 ἐλλογίμου
1033 1764 1168 1856 α’νδριίν

137 1865 258 1954 ιίμίλιι
282 1867 535 1955 συγγράμμασι.
560 1865 699 1960 Ἐχρῆσο
719 1870 756 1937 dh
777 1872 836 1939 καί
857 1871 1084 1961 Χαιρήμονος
1104 1871 1169 1940 κοῦ

137 1971 297 2038 σνιιιικοῦΙ
317 1968 575 2057 Κορνοιίυου
604 1999 642 2039 σε
667 1987 740 2047 τοῖς
760 1975 913 2061 βίβλοις,
939 1969 1085 2061 παρ’ὦν
1107 1973 1168 2041 κᾶν

134 2071 394 2160 μεταληπτικὸν
414 2074 485 2144 σοῖν
504 2071 590 2162 παρ’
604 2069 741 2151 Ἕλλησι
760 2074 957 2160 μυστηρίων
971 2073 1077 2162 γνοοίς
1089 2073 1169 2163 κρό-

135 2199 207 2243 ιιον
229 2187 307 2250 ταῖς
326 2174 529 2252 Ἰουδαικαῑς
548 2176 707 2266 προσῆψε
732 2188 889 2263 γραφαῖς.
926 2174 1066 2260 Quocum
1095 2198 1169 2243 oon·

137 2280 236 2344 sentit
264 2277 470 2361 Hieronymus
494 2300 542 2366 ep.
567 2280 606 2343 ad
628 2277 775 2363 Magnum
797 2279 861 2366 (ep.
887 2277 1072 2347 LXXXIV.
1096 2293 1120 2346 t.
1137 2278 1169 2345 11

137 2405 168 2469 p.
198 2380 265 2448 219
295 2383 344 2446 ed.
376 2380 499 2468 Fuci.)=
537 2381 631 2447 Hunc
660 2384 802 2447 imitatus
833 2381 1038 2469 Origenes
1064 2382 1168 2448 decom

138 2486 274 2570 ιιιὴιιίί
308 2493 517 2564 strontcteas,
566 2485 819 2549 Christianorum
852 2494 885 2548 et
910 2484 1169 2572 philosophorum

138 2591 227 2652 ιἰιίοι·
236 2608 273 2676 se
287 2589 461 2651 sententias
476 2608 664 2674 comparans
679 2597 712 2650 et
726 2589 829 2652 οιιιιιιό
851 2596 979 2651 κισσίνου
1000 2590 1169 2675 religionis

139 2690 295 2776 dogmata
310 2688 349 2752 de
363 2690 514 2769 Plutone,
533 2691 712 2755 Aristotele
717 2739 729 2770 ,
752 2688 907 2780 Νκυιοιιίο
924 2689 1170 2778 Cornutoque

140 2793 341 2878 confirmans.
374 2789 564 2877 Quamquam
586 2794 663 2858 haec
686 2794 724 2857 ad
745 2792 929 2876 theologiam
951 2793 1032 2856 illam
1047 2793 1169 2879 potissi-

138 2917 222 2960 mum
242 2894 354 2960 referri
369 2907 507 2980 possunt.
538 2893 706 2960 Praeterea
721 2894 844 2981 scripsit
860 2892 956 2960 Suida
971 2904 1050 2959 teste
1065 2899 1170 2982 ριγιο·

140 2992 219 3086 ρικιί
229 3049 240 3081 ,
263 3008 295 3062 et
311 2995 587 3082 Graecequidem,
609 2995 730 3088 κιχνιίς
751 2990 946 3085 ῥηιορικιίς,
969 3018 1043 3080 quas
1058 2999 1169 3062 afferre

141 3097 295 3188 Porphpr.
314 3120 423 3184 expos.
439 3101 537 3166 Arist.
554 3112 654 3184 categ.
671 3120 703 3185 p.
720 3097 781 3178 21,
804 3100 892 3165 testis
914 3109 962 3164 est
978 3095 1125 3165 Martinio
1144 3107 1167 3162 ¹.

140 3294 152 3346 1
175 3290 244 3343 ldem
263 3291 404 3345 ldertinius
422 3290 531 3343 Cornuti
549 3299 629 3343 artem
643 3290 798 3343 rhetoricam
817 3289 887 3341 hisee
906 3287 1031 3356 Simplicii
1047 3288 1112 3340 locis
1130 3304 1172 3341 re·

174 3363 241 3428 spici
268 3367 359 3428 putet,
384 3359 402 3410 1.
424 3361 449 3411 5.
470 3360 513 3411 33.
533 3361 640 3415 thet.
660 3361 691 3412 91
717 3360 758 3410 ed.
786 3359 865 3411 Busil.
898 3357 997 3412 Verum
1022 3359 1066 3425 qui
1091 3373 1107 3409 a
1130 3373 1171 3411 me

174 3437 284 3494 rogetus
302 3429 405 3480 iuvenis
423 3430 521 3480 amicus
544 3430 570 3479 in
595 3428 753 3480 hihliotheca
771 3427 932 3480 Berolineusi
955 3426 1114 3493 Simplicium
1132 3429 1173 3478 iu·

175 3499 281 3567 spexit,
308 3498 434 3554 Theoffld.
460 3499 606 3560 Becker,
631 3514 657 3565 p.
683 3499 718 3549 82
736 3504 762 3548 at
780 3497 811 3550 11
832 3496 897 3547 nihil
915 3498 1017 3548 omnino
1034 3497 1087 3561 legi
1105 3496 1170 3548 alhr·

174 3570 275 3687 piavit,
302 3568 370 3648 qpod
394 3567 427 3617 ad
453 3567 594 3697 Cornutupp
613 3573 759 3684 speetarpjt,
771 3566 808 3686 θῇ
826 3561 1172 3685 111ἐ11Ασᾱριίτοίινιαῑ

175 3650 697 3775 atttzttc‘flttttt.;.tlttt
715 3651 1106 3767 .⁰.t..⁰.t..“t.....t.⁰²tt;.
1126 3651 1173 3753 'il-

178 3782 249 3826 stent
266 3774 313 3838 (σ1.
333 3773 444 3824 Bruudis
462 3774 543 3824 schol.
562 3790 588 3841 p.
602 3774 636 3826 18
648 3773 674 3824 h.
697 3771 886 3837 18171121)
904 3789 953 3822 uon
970 3772 1095 3822 videntur
1112 3786 1172 3821 con·

178 3844 283 3895 lirnsre
300 3844 367 3894 hunc
383 3842 569 3908 suspicionem,
588 3843 663 3894 immo
681 3843 767 3892 omnia
785 3857 799 3892 e
816 3840 885 3892 lihro
902 3841 948 3891 illo
965 3837 1035 3908 πρὸς
1046 3833 1173 3903 ’Adpetis

178 3905 270 3982 δωρον
284 3914 331 3963 καὶ
343 3905 536 3981 Ἀριστοτέλην
554 3913 672 3963 desumto
683 3926 740 3963 osso
752 3910 882 3962 videntur.
912 3908 939 3960 lu
953 3925 1002 3976 quo
1012 3905 1172 3961 Athenodori

176 3983 260 4046 maglo
278 3982 358 4032 etism
375 3995 451 4047 quem
468 3979 616 4032 Aristotelis
634 3981 761 4032 rationem
779 3979 894 4030 hahilem
910 3977 1008 4038 luisse,
1026 3977 1108 4044 possit
1124 3976 1172 4028 eli·

180 4051 238 4120 quis
257 4065 272 4101 ο
289 4049 368 4107 titulo
386 4051 438 4102 ism
455 4049 619 4103 concludere.
644 4049 769 4102 Fortasse
788 4063 835 4100 nec
851 4047 953 4114 plenem
971 4047 1004 4098 do
1019 4044 1172 4097 Aristotelis
