2596 4612
471 339 842 407 Pttenuonttuttn.
1110 367 1165 407 ιιι

132 509 203 595 quid
219 509 258 574 de
273 507 332 572 hae
347 508 426 575 mira
440 509 544 593 operis
557 510 757 594 inscriptione
772 512 959 577 mareotam
981 512 1043 592 sit,
1068 525 1163 598 patet.

135 609 172 677 Si
192 620 372 695 eorrnptum
401 612 520 677 titulum
542 613 705 691 mittimus,
736 614 873 681 indicare
893 615 1165 695 ridentur-verite,

134 713 265 783 Caecilii
279 714 488 781 testimonium
503 716 626 781 allatum
643 736 711 783 esse
726 738 745 781 a
761 714 919 796 Cornuto,
947 718 1037 802 idque
1052 720 1167 784 laetum

135 838 205 885 esso
219 818 256 882 iu
270 836 366 902 opere
380 818 577 900 grammatico
593 829 832 885 consentaneu-
847 832 897 887 est
913 831 935 883 ².
960 819 1167 887 Cassiodorus

133 922 240 1003 iniis,
265 940 344 1005 quan
359 920 397 983 dc
414 908 627 1005 orthographia
643 922 784 1006 collegit,
807 924 904 1007 primo
925 924 995 989 loco
1011 924 1096 989 dedit
1110 944 1168 989 ex·

135 1036 245 1109 eerpta
265 1022 503 1106 ιιιΑιιιιιο
535 1021 712 1093 Cornuto
736 1028 778 1091 de
800 1028 1082 1092 enuntiatione
1105 1027 1167 1091 rel

136 1125 432 1210 orthographia
453 1147 489 1210 p.·
501 1123 585 1193 2281
601 1148 668 1210 sqq,
698 1126 746 1193 lli
766 1130 928 1212 legendum
949 1150 1019 1195 esse
1031 1127 1168 1194 Annaeo

136 1229 239 1295 statim
255 1238 401 1312 apparet,
424 1228 591 1293 revideam·
606 1238 714 1295 noster
727 1230 944 1315 intelligendus
960 1252 1047 1296 esse.
1077 1228 1167 1295 Posi-

137 1343 185 1399 tus
199 1331 287 1405 onim
304 1339 353 1399 est
366 1330 462 1414 primo
477 1330 546 1395 leco
567 1342 639 1401 aute
662 1329 785 1397 Volium
806 1330 966 1417 Longum,
988 1334 1069 1416 qued
1090 1333 1167 1396 anti-

143 1456 226 1519 quum
241 1431 474 1518 grammaticum
496 1434 634 1499 indicare
656 1435 788 1499 videtur.
825 1432 920 1518 ldque
948 1435 1069 1499 firmant
1091 1456 1167 1517 quae

142 1559 181 1603 ex
197 1536 266 1603 eius
288 1535 482 1629 libroqaffert
506 1534 730 1629 Cassiodorus,
756 1558 936 1623 quamquam
966 1556 1003 1603 ea
1025 1557 1112 1603 suum
1136 1536 1168 1627 iu

137 1660 222 1705 usum
240 1637 448 1729 dispoeuisse,
475 1638 670 1718 decertasse,¹
694 1642 827 1705 fortasse
851 1640 942 1704 ctiam
963 1640 1168 1727 interpolasse

137 1726 323 1808 censendus
336 1740 406 1827 erit.
436 1737 473 1803 Iu
495 1739 533 1805 iis
557 1743 744 1829 antiquiores
766 1743 932 1829 scriptores
948 1754 980 1806 et
994 1740 1168 1807 Varronem

136 1844 327 1933 potissimum
334 1842 470 1929 respicit.
490 1838 593 1909 Semel
606 1846 715 1911 dicitur
729 1843 855 1919 Lucio
871 1846 950 1909 idem
965 1830 1064 1917 videri
1078 1854 1168 1928 atque

137 1948 215 2033 quod
247 1947 315 2032 ipso
344 1947 434 2011 modo
466 1950 638 2034 praecepit,
670 1950 721 2037 qui
748 1944 863 2012 Lucius
889 1959 1013 2031 putatur
1034 1966 1103 2011 csse
1125 1943 1166 2009 L.

137 2046 375 2116 Caesellius
396 2043 576 2131 Vindex,
600 2071 641 2115 ex
662 2048 887 2133 cuiusseriptis
903 2060 1008 2133 postea
1024 2059 1170 2133 excerpta

136 2154 317 2218 referuntur
331 2149 401 2243 (⁰f··.
408 2149 534 2241 Osann,
556 2148 657 2217 Beitr.
674 2148 705 2214 ll
720 2175 751 2236 p..
769 2150 832 2216 329
847 2152 923 2235 sq.).
956 2148 1046 2245 Quod
1067 2151 1095 2247 si
1117 2171 1169 2215 re·

139 2328 151 2380 l
171 2310 324 2377 Videnduni
338 2312 425 2381 tameo
444 2339 476 2376 aa
494 2324 576 2375 maior
589 2324 632 2374 lie
648 2322 897 2392 lateatcorruptela.
918 2322 1001 2390 Quam
1012 2320 1108 2374 tollant
1119 2321 1171 2375 lor-

171 2402 247 2447 tasno
272 2393 423 2457 acutiores,
450 2408 499 2458 ogo
521 2394 583 2459 quid
606 2394 670 2445 mihi
695 2396 721 2446 ln
747 2402 859 2449 montom
875 2394 980 2447 venerit
994 2393 1111 2453 prodesto
1128 2392 1172 2443 tie

170 2462 305 2517 indicabo.
327 2460 370 2515 Ex
381 2461 469 2513 verbis
482 2463 677 2515 tod'cnstcram
693 2464 837 2519 mutatione
857 2463 925 2514 hand
943 2461 1059 2514 violenta
1076 2462 1171 2513 efficias

173 2532 413 2594 tabernariarum,
433 2536 459 2581 et
478 2531 504 2582 iu
522 2546 566 2582 ιν.
581 2534 677 2599 patris
695 2536 741 2584 sui
759 2534 825 2586 latet
842 2530 954 2583 fortasse
972 2531 1066 2583 titulus
1085 2530 1172 2582 tabem

173 2600 284 2661 aedae,
308 2600 399 2667 quales
416 2607 477 2651 snat
494 2616 605 2667 socrate,
630 2606 795 2669 matertere,
822 2603 992 2663 consobrini,
1012 2604 1171 2667 priuignus,

172 2685 286 2723 sorores
310 2676 373 2720 cett.
403 2667 491 2736 Neque
515 2671 582 2723 euim
600 2672 664 2721 milri
683 2671 839 2739 perpendebo
857 2670 961 2722 tonderi
981 2677 1043 2737 apte
1063 2664 1171 2721 Cornuti

174 2740 273 2791 librum
292 2736 438 2790 iabalurum
456 2739 508 2802 vel.
529 2740 586 2789 sim.
608 2740 690 2806 patris
708 2741 759 2791 sul.
779 2740 889 2792 Cornuti
901 2739 983 2790 verba
995 2739 1104 2805 exempli
1115 2738 1172 2789 loen

176 2825 192 2861 a
209 2808 334 2867 charisio
351 2807 439 2859 afferri
458 2808 510 2859 inm
526 2809 638 2869 vidimus
648 2816 706 2874 ,et
720 2826 778 2863 cum
794 2810 886 2871 Blauto
901 2809 1066 2875 flaccidoque
1085 2808 1173 2872 (cuius

176 2878 260 2931 uerba
278 2877 388 2945 periisse
399 2878 529 2927 censenda
542 2886 646 2947 esseut,
665 2885 695 2928 ut
707 2877 846 2931 Plautinae
859 2878 962 2931 fabulae
976 2878 1071 2929 titulus
1084 2877 1173 2944 periit)

177 2954 238 3013 apto
255 2954 451 3013 componeretur
469 2946 627 2999 tabernaria.
647 2947 809 2999 Tabemaria
826 2940 906 3007 velo,
925 2961 975 3013 qua
990 2944 1117 2997 llomaaos
1129 2944 1173 2997 he-

179 3016 261 3067 mines
278 3022 641 3082 meresipurcpepmeseaoetoo
659 3032 718 3069 osse
741 3024 829 3071 uotum
853 3022 895 3079 est,
916 3014 961 3079 (ei,
980 3013 1120 3067 lloukirulr.
1141 3014 1173 3065 de
1202 3020 1205 3027 “

181 3084 235 3135 inlr.
251 3091 305 3149 tog.
328 3100 353 3151 p.
373 3086 407 3136 38
418 3087 488 3153 sqq.)
515 3086 600 3134 neseio
624 3100 658 3135 an
682 3086 773 3153 deceat
796 3091 989 3151 praeceptorem
1004 3076 1106 3142 Persii,
1130 3080 1173 3149 qni

172 3158 341 3221 *paretextam
358 3154 509 3221 composuit.
528 3150 617 3220 Neque
636 3155 708 3213 iuro,
733 3162 763 3204 ut
778 3154 855 3220 p'uto,
882 3152 988 3209 obiiciat
1011 3150 1083 3218 quis,
1112 3150 1174 3202 eun-²

169 3224 236 3281 dora
253 3222 420 3287 ltaodiaeile
438 3224 611 3289 composuisse
630 3224 780 3288 tragoediae
797 3221 1080 3290 anianaemerito,
1107 3222 1173 3287 qnod

179 3293 221 3343 his
243 3293 404 3359 temporibus
430 3293 583 3361 praesertim
611 3294 637 3342 iu
663 3292 830 3357 grammatico
854 3308 903 3341 uon
921 3292 1023 3341 mirum.
1055 3288 1173 3343 Omnium

171 3362 284 3413 'minime
302 3360 429 3413 oliendere
447 3362 656 3414 tabernariarum
675 3363 770 3413 librum
790 3374 880 3428 posse,
900 3361 994 3411 deoeut
1007 3358 1174 3426 exempla-ad

178 3437 231 3483 eat.
249 3430 271 3494 l,
292 3431 325 3483 76
349 3447 374 3497 p.
394 3432 556 3498 98‚·quilnus
582 3434 641 3485 eddi
663 3439 748 3498 potest
770 3430 833 3483 Teo.
863 3429 925 3483 ttat.
950 3430 976 3493 t,
1003 3429 1174 3496 ubisaopins

158 3499 292 3569 ‚Materni
316 3501 449 3564 tragoedia
474 3509 584 3552 vocatur
608 3502 684 3553 liber.
722 3501 774 3551 lloe
797 3501 879 3565 igitur
897 3507 1048 3564 argumento
1067 3499 1105 3549 uti
1124 3514 1174 3549 ann

159 3568 270 3620 'debuit
288 3567 402 3619 Grauort
425 3570 480 3630 (iit.
502 3570 527 3621 d.
548 3569 646 3621 Metrik
664 3571 709 3622 des
728 3569 800 3620 dom.
820 3566 899 3636 ttpit:
917 3584 940 3634 p.
962 3568 1036 3632 trs).
1068 3566 1174 3619 Scilicet

178 3644 318 3721 postquam
328 3638 483 3702 legebantur
494 3641 581 3707 potius
598 3655 673 3706 quarn
690 3640 836 3720 agebantqr
852 3638 971 3720 inopino,
992 3638 1117 3720 libroruin
1124 3652 1175 3719 Ιιιο·Ι

179 3709 515 3829 lllisslllliiillllll'
534 3709 880 3842 lgltllltvttllttt
897 3706 1174 3842 tpt’tl‘ttfltt

182 3863 207 3913 p.
223 3846 296 3913 tls).
328 3846 449 3900 Ceteram
474 3849 638 3901 coniecturae
661 3865 676 3905 o
694 3864 737 3901 nro
752 3848 901 3914 propositae
919 3847 1010 3897 deesse
1026 3845 1099 3897 illam
1118 3858 1175 3909 [ιιι-

181 3917 309 3967 suadendi
328 3917 397 3979 vim,
416 3934 489 3985 quam
509 3918 536 3969 iu
554 3920 711 3985 coniecturis
722 3918 883 3985 potissimum
899 3914 1090 3979 desideramus,
1110 3913 1174 3965 bene

181 3986 285 4107 autito,
304 3984 472 4054 pronunciavi
491 3995 576 4040 tamea
587 3992 602 4052 ‚'
614 3988 637 4040 si
650 3988 717 4041 sorte
734 3988 794 4040 allis
811 3982 901 4041 nerunt
919 3983 1067 4037 inveniendi
1087 3995 1174 4031 ansam

217 4071 247 4106 η
260 4090 267 4104 ,
540 4082 543 4089 .
