2596 4612
119 4111 144 4251 't

146 511 177 564 et
201 498 277 563 mihi
298 496 524 582 lectoribnsme
547 496 643 562 taedii
665 496 732 581 plns
752 496 885 562 afferens
914 519 1002 582 qnam
1031 497 1183 565 utilitatis.

146 618 301 701 Equidem
330 640 393 681 non
421 639 520 704 nego,
552 618 580 681 si
602 615 716 700 insigni
738 616 867 700 quodam
895 617 964 681 loco
993 620 1187 704 egregiorum

148 739 289 803 virorum
320 738 495 802 sententiae
524 747 668 802 accurate
696 748 900 800 recensentur
920 748 951 800 et
972 739 1185 816 aestimantur,

147 859 179 922 il
195 859 323 922 multum
340 858 480 922 utilitatis
495 855 607 918 habere
622 878 713 941 posse
729 858 768 919 ad
790 857 932 920 iudicium
949 858 1139 922 formandum
1155 870 1190 923 et
1248 864 1254 877 ¹

147 989 233 1042 recte
256 977 430 1062 disputandi
451 977 532 1041 viam
554 978 803 1053 monstrandam,
826 997 933 1041 verum
953 977 985 1039 in
1007 976 1184 1042 universum

150 1119 214 1161 non
229 1118 355 1182 possum
371 1116 506 1179 negare,
531 1117 574 1159 ex
593 1115 661 1159 mea
682 1097 835 1160 sententia
850 1096 973 1158 nimium
989 1097 1046 1159 sibi
1062 1098 1187 1181 placere

151 1217 265 1281 multos
280 1211 353 1281 VV.
371 1214 442 1278 DD.
459 1216 492 1279 in
515 1215 646 1279 diversis
669 1216 833 1279 sententiis
855 1217 1054 1279 recensendis
1070 1227 1101 1278 et
1116 1236 1188 1299 per·

153 1337 341 1413 lustrandis,
366 1357 431 1399 cum
456 1355 604 1420 persaepe
623 1335 760 1399 taediosa
784 1335 839 1399 bac
862 1355 954 1420 opera
976 1356 1028 1398 res
1043 1335 1107 1416 ipsa
1124 1355 1188 1396 non

160 1456 278 1518 multum
302 1465 535 1538 promoveatur,
567 1454 728 1537 disputatio
757 1466 856 1519 autem
886 1455 1068 1519 obscuretur
1087 1453 1188 1539 potius

155 1597 242 1658 qnam
272 1575 454 1638 illustretur.
485 1571 521 1637 ld
551 1575 681 1658 denique
711 1595 863 1658 nunquam
894 1575 959 1649 lore
984 1575 1185 1658 assequimur,

153 1695 270 1757 utiam
292 1693 425 1776 priorum
448 1693 534 1757 libris
557 1694 664 1775 aliquis
687 1714 794 1757 carere
821 1695 935 1778 possit,
966 1693 1020 1758 sod
1041 1695 1064 1757 ii
1087 1696 1188 1758 denno

153 1834 278 1897 semper
298 1813 479 1896 inspiciendi
508 1823 541 1877 et
569 1814 747 1877 consulendi
778 1825 861 1878 sunt.
902 1811 1007 1896 Quare
1036 1813 1185 1895 equidem,

153 1953 355 2018 quaecunque
369 1933 407 1995 ad
422 1931 563 1995 Persium
579 1933 789 1997 illustrandum
812 1934 924 2017 scripta
946 1944 1037 2010 sunt,
1062 1933 1190 2015 diligen·

152 2065 205 2118 ter
219 2053 355 2136 perlegi,
381 2061 413 2116 et
428 2051 566 2135 quioquid
582 2053 654 2115 inde
669 2053 784 2116 hauriri
800 2053 917 2135 potuit,
939 2052 972 2114 in
987 2073 1073 2114 nsum
1090 2072 1189 2114 meum

153 2172 316 2248 converti,
349 2172 478 2254 denique
508 2171 647 2234 omnibus
675 2181 818 2234 accurate
849 2169 1031 2233 examinatis
1063 2181 1095 2234 et
1120 2190 1189 2252 per·

154 2291 354 2378 ponderatis,
388 2291 467 2373 quod
496 2311 604 2354 verum
633 2290 706 2353 mibi
734 2289 896 2355 videbatur
917 2290 1060 2374 proposui
1082 2300 1113 2353 et
1135 2309 1191 2354 cur

152 2413 294 2496 placeret
317 2410 445 2473 firmavi.
475 2407 542 2473 Hoc
564 2411 652 2472 modo
679 2431 765 2473 usum
788 2410 997 2474 commentarii
1019 2410 1191 2474 faciliorem

157 2542 190 2593 et
214 2530 448 2594 commodiorem
471 2530 623 2593 redditum
645 2551 714 2594 esse
738 2541 829 2615 puto,
855 2551 922 2592 cum
946 2529 1046 2592 statim
1063 2529 1134 2611 quid
1151 2528 1190 2592 de

157 2669 277 2733 quaque
304 2668 341 2711 re
370 2659 402 2712 et
431 2669 486 2713 cnr
508 2650 551 2712 ita
573 2649 703 2713 sentiam
725 2659 868 2733 appareat
897 2649 988 2711 nullis
1016 2647 1191 2729 ambagibus

155 2781 290 2847 tectum,
309 2779 341 2833 et
355 2769 524 2851 ubicunque
540 2768 725 2844 erraverim,
741 2767 831 2833 facile
846 2766 876 2830 id
893 2767 989 2850 possit
1004 2765 1191 2850 deprehendi

158 2900 193 2953 et
213 2889 382 2952 emendari.
413 2886 524 2971 Neque
546 2887 618 2950 illud
641 2887 770 2970 denique
792 2887 870 2972 apud
893 2906 1007 2969 aequos
1030 2897 1061 2949 et
1077 2885 1191 2969 peritos

159 3007 305 3071 invidiam
335 3006 408 3069 mihi
437 3008 587 3070 facturum
617 3026 725 3089 spero,
758 3007 837 3088 quod
868 3025 922 3080 ca,
955 3025 1032 3087 qnae
1062 3003 1099 3066 ab
1123 3004 1191 3070 aliis

160 3138 309 3211 congesta
324 3127 450 3204 inveni,
475 3138 508 3190 ut
522 3126 689 3188 communis
703 3124 779 3188 iuris
794 3122 1003 3201 adhibuerim,
1021 3121 1085 3203 quis
1102 3141 1191 3203 quem

158 3246 261 3310 locum
291 3246 403 3329 primus
431 3245 603 3310 adhibuerit
629 3265 734 3330 parum
762 3245 922 3309 sollicitus.
956 3241 1037 3307 Nam
1061 3238 1191 3323 quaein

157 3365 245 3429 hisce
261 3375 404 3428 versatur
418 3365 513 3429 anxia
528 3377 559 3428 et
573 3365 676 3450 putida
692 3386 783 3441 cura,
809 3386 897 3447 quam
914 3363 1033 3447 quidam
1048 3361 1192 3446 pietatem

157 3494 191 3550 et
210 3484 393 3567 religionem
414 3495 539 3568 putant,
568 3506 626 3548 nec
649 3486 759 3549 littaris
782 3485 863 3548 utilis
887 3503 943 3546 nec
966 3481 1084 3545 liberali
1101 3479 1191 3544 disci,

158 3604 243 3688 plina
266 3603 357 3688 digna
380 3615 439 3667 est.
469 3602 552 3667 Nam
575 3606 675 3689 pusilli
697 3605 789 3668 animi
805 3616 872 3682 est,
896 3603 926 3666 in
943 3603 1052 3666 talibus
1067 3598 1118 3663 vel
1134 3598 1192 3683 ipsi

162 3725 289 3808 gloriam
314 3744 481 3808 quaerere,
504 3725 556 3789 vel
580 3725 759 3788 eximiorum
775 3725 911 3788 virorum
927 3723 1046 3786 laudem
1062 3739 1189 3802 ponere.

163 3839 345 3927 Quicunque
376 3845 456 3908 enim
485 3843 516 3906 iu
547 3842 603 3907 bac
631 3865 667 3908 ra
697 3854 839 3908 versatus
863 3853 927 3919 est,
957 3841 1016 3906 soit
1037 3840 1190 3927 prolecto,

161 3965 328 4028 maximam
350 3984 453 4029 eorum
477 3976 614 4048 partem,
645 3984 721 4047 quae
748 3963 903 4027 afferenda
931 3970 1021 4039 sunt,
1052 3959 1095 4020 ita
1122 3973 1192 4021 esse
